3125 5000
1247 326 1672 390 „45-

503 496 606 560 Fr.
652 495 944 560 Ficoroni
1015 496 1100 579 (h.
1149 515 1203 560 e.
1248 495 1461 560 Pietro
1509 497 1812 561 Contucci
1867 495 2397 559 Winckelmanno
2445 501 2612 567 auct.

332 605 498 671 Mon.
543 603 712 669 ined.
760 605 810 689 I,
857 625 918 688 p.
962 586 1096 686 59)
1141 603 1219 669 de
1283 603 1480 669 larvis
1560 605 1869 672 scaenicis
1958 612 2021 669 et
2081 603 2304 686 figuris
2361 603 2615 669 comicis

331 715 508 779 Rom.
552 715 601 778 I.
649 714 836 779 1734.
882 713 965 778 II.
1015 713 1201 778 1751.

504 823 580 886 A.
625 820 1050 903 Boettigerus,
1096 822 1193 886 De
1240 822 1527 905 personis
1574 820 1885 886 scaenicis
1917 820 2111 902 vulgo
2148 820 2361 885 larvis.
2449 821 2613 885 Vim.

338 929 506 993 1794
551 928 809 1013 (Opusc.
854 950 915 1013 p.
958 929 1089 992 220
1133 928 1334 1011 seqq.)
1382 967 1485 1010 —-,
1533 928 1747 994 Ueber
1811 926 1927 992 das
1986 929 2167 993 Wort
2209 929 2436 993 Maske
2483 928 2614 992 und

335 1037 488 1101 liber
534 1036 637 1101 die
682 1035 1137 1119 Abbildungen
1185 1037 1297 1101 der
1343 1036 1616 1101 Masken
1663 1035 1781 1100 auf
1817 1036 1987 1100 alten
2025 1036 2328 1101 Gemmen
2377 1037 2618 1120 (Neuer

339 1145 643 1210 Deutsch.
690 1144 879 1209 Mero.
930 1146 1096 1209 1795
1140 1143 1349 1231 April)
1397 1182 1501 1227 —,
1545 1144 2048 1227 Furienmaske,
2096 1144 2379 1209 Weimar
2429 1145 2617 1210 1801.

511 1252 851 1335 (Kohler),
897 1252 1202 1335 Masken,
1268 1252 1368 1316 ihr
1427 1252 1763 1334 Ursprung
1832 1251 1960 1315 und
2021 1271 2181 1315 neue
2238 1251 2615 1334 Auslegung

333 1357 581 1440 einiger
640 1355 752 1422 der
817 1357 1395 1439 merkwfirdigsten
1452 1356 1573 1420 auf
1627 1357 1803 1421 alten
1846 1357 2317 1434 Denkmalern‚
2366 1355 2469 1421 die
2505 1357 2616 1422 bis

322 1463 486 1549 jetzt
531 1466 894 1531 unerkannt
957 1465 1084 1530 und
1131 1466 1463 1530 unerklart
1522 1466 1862 1548 geblieben
1906 1486 2143 1531 waren.
2230 1466 2619 1550 Petersburg

344 1574 530 1639 1833.
618 1574 741 1652 Qui
786 1575 950 1639 liber
995 1594 1382 1657 quamquam
1451 1580 1677 1658 postea
1722 1573 1971 1638 demum
2020 1593 2207 1655 quam
2254 1573 2320 1656 ii,
2365 1575 2475 1656 qui
2521 1593 2617 1638 se-

332 1690 628 1764 quuntur,
673 1683 880 1748 editus
927 1689 1041 1766 est,
1084 1691 1299 1749 tamen
1347 1682 1716 1748 referendus
1780 1691 1875 1747 est
1920 1681 2001 1747 ad
2050 1682 2615 1748 commentationes

332 1791 460 1855 iam
508 1799 930 1876 enumeratae,
978 1813 1143 1875 quae
1207 1791 1625 1856 adnotatione
1671 1790 1926 1874 quidem
1973 1791 2210 1873 dignae
2256 1798 2418 1874 sunt,
2465 1791 2615 1873 quia

334 1898 648 1980 originem
709 1911 771 1963 et
816 1920 1172 1982 processum
1222 1899 1603 1983 disciplinae
1649 1898 1896 1983 docent,
1939 1898 2052 1963 sed
2079 1907 2365 1985 respectu
2399 1901 2617 1966 habito

333 2007 420 2070 ad
480 2026 611 2070 rem
669 2008 911 2090 ipsam,
979 2028 1168 2090 quam
1228 2008 1584 2073 describere
1644 2007 1898 2091 volunt,
1964 2008 2121 2071 nihil
2186 2008 2320 2073 fere
2385 2010 2620 2074 valent.

511 2116 755 2180 Novum
824 2114 1205 2200 disciplinae
1267 2123 1516 2201 tempus
1580 2116 1829 2181 initium
1898 2116 2068 2200 cepit
2127 2117 2269 2181 libri
2316 2117 2615 2202 editione,

334 2222 441 2304 qui
489 2222 827 2307 inscriptus
874 2231 971 2288 est
1016 2222 1307 2306 Genelli,
1375 2225 1510 2288 Das
1555 2224 1836 2289 Theater
1901 2245 1979 2288 zu
2035 2225 2258 2289 Athen.
2347 2227 2617 2310 Leipzig

338 2331 505 2394 1818
553 2330 656 2413 (V.
702 2330 1000 2395 Costuem
1047 2352 1108 2414 p.
1155 2331 1503 2414 81—104).
1592 2333 1753 2398 Nam
1826 2352 2208 2415 quamquam
2268 2332 2365 2396 vir
2436 2333 2617 2416 inge·

333 2438 552 2503 niosus
597 2444 892 2504 ornatum
937 2439 1300 2505 scaenicum
1360 2439 1570 2522 magis
1624 2459 1705 2504 ex
1749 2458 1867 2505 sua
1911 2440 2228 2506 sententia
2273 2460 2350 2506 ac
2392 2440 2616 2507 volun-

333 2552 467 2612 tate
515 2567 707 2629 quam
751 2547 1102 2612 secundum
1147 2566 1258 2631 ea,
1324 2567 1488 2629 quae
1533 2549 1719 2613 nobis
1784 2550 2021 2615 tradita
2065 2555 2247 2634 sunt,
2294 2549 2617 2635 describit,

337 2661 554 2719 tamen
614 2655 957 2741 praecipue
1027 2657 1171 2720 libri
1241 2656 1524 2721 editione
1591 2656 1828 2721 factum
1877 2665 2009 2740 est,
2071 2665 2140 2722 ut
2205 2658 2615 2743 temporibus,

337 2782 503 2845 quae
567 2764 1031 2848 sequebantur,
1094 2763 1376 2831 studium
1432 2765 1629 2830 totius
1709 2771 2063 2850 apparatus
2116 2766 2392 2832 scaenici
2435 2786 2615 2832 reno·

336 2878 610 2935 varetur.
1604 2894 1611 2901 ·

512 2976 703 3055 Quod
745 2976 1074 3043 Genellins
1128 2978 1526 3046 divinatione
1593 2981 1801 3063 magis
1858 3001 2047 3063 quam
2100 2981 2371 3047 scientia
2416 2980 2617 3066 expli-

335 3090 613 3169 caverat,
661 3086 730 3149 F.
777 3085 851 3151 G.
897 3085 1185 3152 Schoene
1249 3088 1316 3152 in
1377 3088 1908 3153 commentatione
1966 3087 2046 3153 de
2091 3108 2502 3173 personarum
2548 3089 2616 3153 in
2691 3125 2698 3132 -

336 3193 551 3276 Eurip.
601 3194 918 3258 Bacchab.
983 3193 1205 3259 habitu
1290 3194 1582 3260 scaenico
1647 3196 1935 3280 (Lipsiae
1987 3197 2178 3280 1831)
2260 3196 2616 3263 eruditione

336 3300 667 3383 philologa
730 3308 842 3366 aut
901 3303 1175 3387 probare
1244 3309 1355 3367 aut
1416 3303 1695 3369 refutare
1761 3289 2025 3370 conatus
2087 3311 2200 3369 est.
2286 3305 2414 3372 Sed
2473 3306 2616 3390 ipse

336 3410 630 3490 quamvis
698 3409 1035 3493 diligentia
1101 3412 1494 3494 scientiaque
1554 3412 1923 3477 laudandae
1966 3414 2127 3496 sint,
2196 3414 2280 3478 ad
2324 3413 2616 3479 habitum

336 3516 711 3580 histrionum
747 3517 1256 3600 cognoscendum
1287 3540 1411 3583 non
1447 3520 1710 3583 multum
1732 3520 1988 3603 profuit.
2079 3521 2352 3605 Copiose
2385 3521 2617 3586 deinde

337 3644 502 3707 quae
547 3624 626 3688 de
671 3624 892 3690 habitu
940 3627 1233 3692 scaenico
1280 3627 1532 3711 scriptis
1579 3636 1863 3694 veterum
1909 3630 2149 3694 inserta
2193 3635 2359 3712 sunt,
2405 3630 2475 3695 G.
2515 3630 2615 3696 W.

341 3731 694 3800 Schneider
718 3735 986 3799 contulit
1027 3736 1093 3797 in
1140 3734 1334 3798 libro:
1382 3737 1517 3800 Das
1552 3735 1825 3801 attische
1848 3737 2357 3802 Theatervvesen.
2446 3738 2615 3802 Wei-

337 3864 475 3908 mar
524 3843 694 3908 1835
740 3843 910 3926 (Rec.
956 3842 1187 3906 Meier:
1235 3842 1506 3925 Allgem.
1552 3844 1716 3909 liter.
1759 3845 1900 3927 Ztg.
1948 3846 2116 3910 1845
2162 3844 2343 3928 Oct.).

506 3952 673 4019 Novi
743 3950 876 4017 fere
937 3952 1096 4016 nihil
1145 3959 1287 4022 tum.
1321 3951 1608 4037 Geppert
1665 3954 1877 4018 attulit
1931 3954 2079 4032 (Die
2123 3953 2615 4037 altgriechische

336 4062 579 4126 Bfihne.
666 4061 885 4145 Leipz.
935 4060 1123 4125 1843.
1169 4061 1242 4126 V.
1290 4062 1506 4127 Ueber
1549 4062 1819 4128 Masken
1867 4083 1925 4127 u.
1970 4062 2268 4129 Costuem
2312 4084 2371 4147 p.
2399 4063 2615 4127 260-

335 4169 482 4233 278.
527 4170 672 4235 Rec.
717 4170 1101 4235 Sommerbr.
1146 4170 1224 4235 cf.
1255 4171 1621 4254 Scaenical,
1664 4170 1777 4235 sed
1824 4170 1991 4253 quod
2037 4171 2146 4235 ille
2187 4178 2615 4254 congesserat,

330 4277 621 4343 oratione
665 4279 874 4359 magis
919 4277 1120 4362 polita
1165 4280 1478 4362 exposuit.

508 4383 758 4447 Primus
806 4404 954 4451 vero
1004 4387 1109 4469 qui
1157 4386 1327 4469 quod
1374 4386 1559 4450 nobis
1624 4385 1925 4450 traditum
1972 4392 2069 4451 est
2114 4386 2193 4451 de
2242 4384 2613 4450 histrionum

334 4493 721 4575 tragicorum
769 4490 1028 4577 habitu,
1075 4493 1154 4557 de
1199 4514 1324 4575 quo
1370 4494 1434 4556 in
1482 4493 1611 4577 eis,
1675 4514 1839 4576 quae
1885 4492 2297 4576 antecedunt,
2346 4492 2614 4575 egimus),
