3125 5000
1423 319 1851 384 ...42-

664 489 936 575 Saepius
981 489 1318 556 umbilicus
1363 488 1719 577 (ὄμφαλός)
1766 490 2076 557 eiusmodi
2121 491 2241 557 reti
2286 497 2550 558 ornatus
2596 496 2694 557 est
2714 490 2784 573 ¹).

491 599 673 677 Quae
717 618 817 664 res
862 619 979 665 nos
1021 597 1222 684 docet,
1264 620 1548 684 pannum
1595 599 1778 665 illum
1805 600 2206 666 reticulatum
2249 599 2592 666 cohaerere
2636 618 2779 665 cum

492 708 792 793 Apolline
835 713 1004 773 vate.
1090 709 1297 787 Quam
1344 709 1426 774 ob
1472 728 1604 774 rem
1652 708 2032 775 Sommerbr.
2092 709 2350 794 (Scaen.
2391 729 2454 793 p.
2492 708 2572 774 19
2616 706 2786 773 Adn.

502 815 570 899 6)
617 824 680 879 et
724 814 917 880 Wies.
967 815 1132 900 (Ind.
1175 815 1372 881 schol.
1409 816 1697 897 1869s70
1724 836 1788 900 p.
1823 814 1930 902 12)
1977 835 2103 881 non
2149 815 2288 882 sine
2334 834 2531 881 causa
2576 814 2787 881 conie-

494 930 747 1008 cerunt,
812 923 1246 990 Cassandram
1311 944 1554 1009 agreno
1625 925 1690 989 in
1752 924 1982 990 Aesch.
2025 925 2402 1008 Agamemn.
2445 925 2565 1011 (vs.
2614 922 2783 988 1242

491 1032 869 1116 χρηστηρίαν
913 1031 1184 1116 ἐσθῆτα)
1231 1037 1295 1097 et
1337 1033 1403 1098 in
1461 1031 1680 1118 Eurip.
1722 1031 2084 1099 Troadibus
2131 1033 2251 1118 (vs.
2296 1032 2453 1119 269)
2495 1029 2786 1097 indutam

490 1160 633 1207 esse
650 1139 720 1227 ²).

1206 1243 1267 1309 5.
1355 1244 1597 1311 Servi
1642 1248 1715 1311 et
1757 1264 2061 1313 servae.

671 1372 772 1437 De
817 1371 1035 1439 habitu
1068 1393 1394 1440 servorum
1439 1374 1766 1441 aPolluce
1810 1375 1971 1441 nihil
2012 1373 2452 1461 comperimus.
2538 1374 2786 1439 Tamen

498 1500 533 1545 e
578 1482 999 1547 monumentis
1045 1482 1203 1549 artis
1217 1481 1269 1561 ³)
1334 1483 1715 1550 concludere
1759 1483 1905 1550 licet
1949 1503 2061 1550 eos
2103 1482 2337 1550 tunicis
2379 1482 2782 1549 brevioribus

497 1608 688 1672 quam
734 1589 963 1657 heroes
1007 1591 1275 1659 amictos
1320 1592 1541 1659 fuisse.

1225 1772 1306 1844 C.
1419 1769 1810 1852 calecam
1820 1773 2044 1851 enta.

663 1913 766 1980 Ab
813 1913 1226 1982 histrionibus
1248 1917 1515 1985 Graecis
1559 1938 1672 2003 per
1717 1923 1913 1984 totam
1959 1917 2409 2001 antiquitatem
2438 1915 2782 1983 cothurnos

491 2029 829 2107 usurpatos
897 2043 1038 2089 esse
1101 2045 1369 2108 quorum
1437 2025 1643 2092 forma
1659 2026 1711 2110 ⁴¹)
1773 2027 1933 2091 satis
1998 2026 2261 2109 cognita
2328 2032 2425 2090 est
2482 2045 2519 2089 e
2563 2043 2785 2089 monu-

494 2129 724 2193 mentis
767 2130 956 2213 artis,
1020 2133 1424 2198 constituisse
1468 2132 1627 2198 mihi
1673 2132 1894 2198 videor
1940 2134 2027 2218 (p.
2075 2134 2151 2198 17
2198 2131 2421 2218 seqq.).
2510 2130 2785 2196 Chorum

492 2256 644 2302 vero
704 2245 769 2303 et
831 2238 1207 2325 histriones,
1274 2241 1381 2324 qui
1443 2242 1707 2307 heroum
1774 2242 1913 2307 sive
1981 2239 2310 2306 heroidum
2378 2248 2596 2324 partes
2653 2257 2783 2303 non

493 2345 810 2430 agebant,
857 2366 982 2411 non
1030 2349 1410 2433 cothurnos,
1476 2350 1591 2415 sed
1638 2349 2073 2416 calceamenta
2118 2369 2312 2432 cava,
2383 2364 2548 2430 quae
2592 2365 2783 2411 voca·

487 2453 721 2520 bantur
764 2455 1086 2542 crepidae,
1131 2464 1421 2542 gestasse
1465 2460 1764 2543 suspicor
1810 2458 1918 2544 (cf.
1960 2479 2023 2544 p.
2051 2458 2181 2544 18),
2224 2464 2517 2542 respectu
2562 2454 2781 2521 habito

491 2564 640 2630 Istri
684 2565 863 2647 (Vita
885 2565 1250 2651 Sophoclis)
1296 2568 1407 2650 qui
1453 2568 1716 2634 chorum
1761 2566 2040 2653 crepidis
2084 2586 2269 2633 usum
2313 2584 2455 2631 esse
2498 2562 2696 2629 tradit
2711 2560 2784 2648 ⁵).

665 2783 820 2848 Post
883 2781 1239 2848 Alexandri
1298 2782 1524 2867 Magni
1590 2790 1878 2868 tempora
1947 2783 2298 2849 auctoritas
2360 2780 2652 2848 ludorum
2715 2780 2784 2847 in

489 2889 629 2957 dies
673 2890 1003 2956 crescebat
1044 2898 1109 2956 et
1152 2891 1415 2957 fabulae
1462 2892 1755 2958 Graecae
1814 2912 1929 2977 per
1973 2899 2173 2957 totam
2219 2891 2354 2957 fere
2402 2891 2622 2957 Asiam
2667 2889 2782 2954 mi·

495 3018 712 3064 norem
759 2999 1139 3081 agebantur.
1230 3000 1431 3065 Immo
1500 3020 1652 3065 vero
1717 3021 1833 3086 per
1890 3009 2091 3066 totum
2136 3000 2270 3065 fere
2315 2999 2534 3065 orbem
2576 3004 2781 3064 terra-

488 3126 627 3171 rum
693 3113 826 3171 tum
901 3107 1226 3191 cognitum
1273 3106 1615 3174 histriones
1678 3108 1949 3192 Graeci,
2016 3128 2159 3174 cum
2224 3108 2500 3174 Graecia
2558 3107 2626 3172 in
2670 3126 2782 3191 po-

489 3219 782 3280 testatem
834 3215 1266 3280 Romanorum
1311 3213 1571 3281 redacta
1617 3222 1818 3300 esset,
1861 3216 1945 3281 ad
1991 3216 2246 3283 fabulas
2302 3213 2594 3299 agendas
2638 3233 2781 3298 pro·

493 3323 959 3389 ficiscebantur.
1045 3322 1423 3406 Ubicunque
1465 3344 1618 3390 vero
1645 3324 1901 3390 fuerunt
1919 3324 2173 3390 theatra
2188 3323 2260 3409 6).
2349 3319 2788 3390 Alexandriae

637 3502 690 3570 1)
726 3502 787 3555 P.
827 3517 872 3556 e.
910 3502 1304 3558 Miiller-Wies.
1341 3503 1409 3557 D.
1449 3502 1500 3557 d.
1538 3518 1588 3557 a.
1626 3502 1694 3556 K.
1729 3501 1799 3569 H,
1841 3504 1959 3555 136.

634 3596 693 3664 2)
729 3595 813 3649 De
851 3596 1067 3651 Tiresia
1104 3598 1161 3650 in
1196 3597 1329 3650 Eur.
1369 3596 1570 3649 Bacch.
1610 3593 1678 3649 cf.
1730 3610 1916 3663 supra.

633 3688 690 3755 3)
724 3687 896 3743 Wies.
932 3688 999 3742 D.
1040 3688 1090 3742 d.
1129 3689 1192 3742 B.
1230 3688 1376 3755 VIII,
1418 3689 1518 3756 123
1556 3687 1652 3755 IX,
1693 3688 1739 3741 1.

633 3782 690 3851 4)
727 3780 811 3835 De
848 3780 1025 3836 forma
1062 3788 1117 3837 et
1152 3797 1255 3837 usu
1291 3781 1682 3836 cothurnorum
1717 3779 1839 3834 vide
1875 3779 2108 3835 Excurs.
2146 3779 2216 3834 Π.

641 3874 697 3943 5)
734 3873 860 3928 Non
897 3875 1014 3928 sine
1051 3875 1236 3942 aliquo
1274 3876 1393 3929 iure
1428 3889 1463 3928 a
1501 3873 1761 3928 Cicerone
1797 3872 1888 3944 (de
1914 3871 2005 3926 fin.
2039 3872 2137 3940 III,
2184 3872 2273 3942 14)
2311 3872 2440 3941 quia
2475 3871 2629 3928 hisce
2676 3874 2785 3928 cal·

493 3968 792 4022 ceamentis
830 3967 1056 4021 altiores
1095 3967 1277 4022 soleae
1315 3974 1472 4021 erant
1510 3982 1673 4035 quam
1697 3966 1857 4034 vulgo
1884 3972 2186 4033 usurpatae
2222 3963 2314 4035 (cf.
2335 3980 2387 4033 p.
2418 3955 2521 4036 185
2543 3965 2783 4021 minores

489 4059 743 4114 cothurni
774 4066 1036 4113 vocantur
1059 4058 1166 4114 nisi
1202 4075 1312 4114 non
1349 4058 1605 4127 crepidae
1641 4063 1696 4112 et
1734 4058 1986 4112 cothurni
2024 4056 2120 4111 sed
2156 4056 2413 4112 cothurni
2448 4064 2664 4113 tantum
2702 4058 2781 4112 di-

488 4167 649 4207 versa
704 4153 994 4207 altitudine
1046 4153 1388 4222 intelligendi
1445 4158 1586 4207 sunt.
1629 4183 1690 4192 —-
1737 4151 2170 4206 commemorare
2222 4150 2328 4205 hoc
2364 4149 2487 4206 loco
2523 4150 2780 4207 debemus

488 4242 719 4314 figuram
766 4245 960 4300 Musae
1013 4247 1071 4300 in
1121 4261 1288 4316 opere
1337 4246 1551 4301 caelato
1600 4261 1740 4314 quae
1790 4245 2026 4299 alterum
2087 4241 2280 4311 pedem
2314 4244 2510 4299 maiori
2547 4244 2783 4299 alterum

491 4338 687 4393 minori
728 4338 995 4393 cothurno
1046 4339 1308 4407 imposuit
1359 4339 1604 4409 (Wiesel.
1639 4337 1706 4391 D.
1746 4337 1796 4390 d.
1834 4336 1896 4389 B.
1936 4335 2031 4403 IX,
2069 4337 2143 4405 2).

631 4433 687 4502 6)
721 4430 998 4499 Welcker,
1054 4431 1148 4487 Gr.
1187 4432 1281 4486 Tr.
1324 4431 1460 4485 1297
1516 4445 1668 4499 seqq.
1719 4436 1774 4483 et
1836 4427 2137 4483 Wieseler:
2235 4425 2417 4482 Ersch
2468 4444 2518 4481 u.
2569 4426 2785 4483 Gruber

448 4567 453 4571 .
486 4524 782 4595 Encyclop.
821 4526 872 4581 d.
910 4525 1076 4580 Wiss.
1114 4542 1165 4581 u.
1203 4525 1270 4579 K.
1310 4525 1364 4579 S.
1401 4524 1428 4577 I
1464 4524 1529 4577 B.
1564 4521 1855 4577 LXXXIII
1890 4537 1943 4590 p.
1985 4519 2285 4577 172-202.
