3125 5000
1168 347 1249 357 „-
1336 312 1415 375 31
1528 348 1586 357 ---

421 492 488 577 3)
539 491 870 555 Heroes.
929 486 1171 550 Heroes
1210 484 1575 568 plerumque
1600 479 1883 564 gladio¹)
1930 481 2156 543 armati
2196 488 2407 560 erant,
2457 487 2524 543 ut
2572 523 2577 528 -

252 601 480 668 Ulixes
526 599 590 663 in
639 595 834 680 Soph.
880 592 1044 659 Phil.
1092 593 1213 674 (νε.
1261 591 1474 674 1253),
1521 589 1707 655 Orest
1737 590 1800 652 in
1847 589 1994 651 Eur.
2045 587 2139 650 El.
2186 588 2304 671 (vs.
2347 589 2523 674 225),

257 709 363 775 Or.
408 709 470 773 in
517 706 621 773 Or.
670 708 788 788 (vs.
816 701 1044 786 1504),
1089 701 1376 784 Polynic.
1437 699 1502 762 in
1544 697 1779 761 Phoen.
1827 701 1943 779 (vs.
1968 696 2144 780 267),
2189 698 2415 762 Menel.
2458 698 2526 762 in

252 817 395 882 Hel.
443 818 565 900 (νε.
591 812 768 895 971),
812 811 977 874 Aiax
1025 809 1090 873 in
1138 809 1333 894 Soph.
1375 808 1577 872 Aiace
1624 805 1744 890 (vs.
1790 806 1941 887 813)
1964 804 2034 887 ²).
2121 805 2345 870 Comit.
2389 807 2526 872 Ion.

176 914 179 917 ’
256 930 326 994 in
369 925 510 989 Ion.
557 921 677 1003 (vs.
725 918 939 1003 1258).
984 955 1066 965 -
1332 946 1339 953 -

434 1030 813 1094 Philoctetes
872 1027 936 1091 in
1004 1024 1339 1111 Sophoclis
1401 1023 1561 1087 Phil.
1644 1042 1859 1088 arcum
1923 1024 2123 1088 tenuit
2200 1023 2318 1108 (vs.
2380 1024 2526 1090 287.

257 1142 446 1213 τόξον
487 1136 656 1200 τόνδ’
673 1135 740 1217 ³).

431 1246 735 1312 Hercules
801 1244 1099 1328 gestabat
1159 1239 1421 1326 ῥόπαλα
1487 1244 1593 1301 καὶ
1658 1238 1930 1322 λεοντῆν.
2018 1239 2115 1306 Of.
2171 1241 2327 1306 Poll.
2384 1243 2423 1307 l.
2468 1264 2529 1313 a.

262 1354 584 1440 Aristoph.
627 1356 788 1419 Ran.
834 1354 939 1418 47.

434 1464 504 1547 4)
551 1463 842 1530 Senes:
889 1461 1092 1527 Senes
1136 1458 1500 1523 nitebantur
1548 1456 1793 1522 baculis
1810 1457 1897 1542 4):
1941 1458 2034 1521 ita
2078 1458 2304 1523 chorus
2349 1460 2529 1525 nobi·

263 1572 417 1636 lium
478 1592 699 1637 senum
773 1571 839 1633 in
904 1567 1133 1632 Aesch.
1193 1568 1419 1647 Agam.
1484 1566 1606 1644 (νε.
1652 1565 1735 1628 72
1783 1563 1955 1644 ἡμεῖς
1996 1568 2306 1643 μίμνομεν
2349 1568 2530 1645 ἰσχύν

265 1679 579 1742 ἰσόπαιδα
607 1682 896 1758 νέμοντες
940 1676 1043 1737 ἐπὶ
1090 1673 1446 1755 σκήπτροις)
1463 1725 1484 1760 ‚¹
1541 1671 1767 1737 chorus
1812 1692 2031 1737 senum
2079 1675 2143 1738 in
2190 1676 2372 1740 Herc.
2414 1675 2533 1743 fur.

262 1788 383 1872 (vs.
433 1789 554 1852 108
602 1784 772 1867 α’μφῖ
815 1785 1107 1864 βάκτροις
1151 1783 1403 1861 ἔρεισμα
1467 1780 1803 1864 θέμενος),
1862 1781 2056 1846 Paed.
2099 1783 2161 1845 in
2210 1784 2356 1848 Eur.
2402 1785 2535 1853 Ion.

262 1895 383 1980 (νε.
430 1893 606 1978 743),
672 1892 888 1958 Oreus.
952 1891 1037 1955 ad
1079 1889 1272 1955 Paed.
1329 1889 1581 1972 βάκτρῳ
1627 1888 1928 1967 δ’ἕρείδου
1975 1895 2282 1972 περιφερῆ
2325 1895 2534 1971 στίβον

261 2000 549 2083 χθονός).
633 2002 706 2066 In
752 2001 1150 2066 vasculorum
1216 1999 1479 2083 picturis
1548 1997 1914 2082 paedagogi
1958 2018 2206 2083 semper
2246 2000 2378 2066 fere
2423 2004 2534 2067 ba-

263 2110 407 2175 cula
451 2116 722 2193 gestant.

433 2219 500 2302 5)
547 2214 1077 2285 Sacerdotes.
1158 2215 1527 2281 Cassandra
1570 2215 1634 2280 in
1675 2215 1901 2280 Aesch.
1946 2217 2174 2298 Agam.
2217 2225 2533 2302 sceptrum

265 2326 486 2392 habuit
554 2327 672 2411 (νε.
731 2326 898 2389 1264
956 2326 1012 2386 τί
1057 2323 1185 2406 δῆτ’
1249 2324 1520 2404 ἐμαυτῆς
1585 2321 1959 2399 καταγέλωτ’
2020 2325 2139 2402 ἔχω
2198 2324 2348 2387 τάδε
2427 2331 2536 2389 καὶ

265 2439 546 2520 σκῆπτρα
594 2432 738 2518 κτὲ).
825 2433 1277 2498 Sacerdotibus
1328 2432 1646 2514 Hesychio
1705 2440 1963 2496 auctore
2021 2441 2271 2518 sceptra
2315 2437 2537 2503 laurea

265 2544 549 2625 fuerunt,
594 2543 822 2626 quibus
870 2561 1099 2606 nomen
1124 2548 1261 2606 erat
1281 2539 1655 2622 ἰθυντήριον
1676 2541 2106 2625 (ἰθυντήριον
2152 2544 2187 2604 δ
2233 2546 2537 2624 φέρουσιν

269 2649 332 2714 οὶ
369 2651 622 2731 μάντεις
653 2654 965 2731 σκῆπτρον
1010 2647 1141 2710 α’πό
1186 2645 1487 2728 δάφνης).
1579 2647 1764 2711 Circa
1788 2648 2018 2712 collum
2062 2650 2331 2732 virginis
2376 2654 2536 2720 vitta

269 2762 460 2824 lanea
502 2758 621 2823 fuit
643 2756 714 2844 ⁵).
800 2758 874 2821 In
921 2756 1140 2842 Eurip.
1187 2755 1418 2821 Troad.
1447 2755 1813 2820 Cassandra
1857 2776 2151 2822 coronam
2199 2766 2261 2823 et
2288 2780 2537 2828 sacram

270 2869 491 2952 templi
550 2867 793 2931 clavem
853 2871 1026 2930 tenet
1099 2869 1218 2948 (vs.
1266 2865 1394 2929 256
1458 2865 1611 2928 Hec.
1673 2861 1885 2948 ῥῖπτε,
1955 2868 2201 2942 τέκνον,
2264 2866 2539 2944 ζαθέους

270 2976 528 3065 κλῇδας,
578 2974 716 3036 α’πὸ
759 2973 944 3054 χροὸς
989 2970 1267 3036 ἐνδυτῶν
1311 2974 1591 3054 στεφέων
1636 2969 1840 3051 ἱεροὺς
1884 2970 2207 3052 στολμούς.
2294 2976 2538 3043 Eodem

269 3084 455 3151 modo
511 3083 874 3149 sacerdotes
931 3082 1188 3166 saepius
1242 3080 1307 3144 in
1371 3079 1608 3143 vascul.
1651 3080 1930 3164 picturis.
1977 3081 2222 3145 clavem
2265 3090 2538 3164 gestant.

417 3257 469 3326 1)
505 3256 643 3310 Poll.
707 3256 743 3310 l.
797 3272 847 3309 a.
895 3255 1185 3326 μα’χαιραι.
1256 3253 1428 3308 Wies.
1477 3252 1544 3307 D.
1603 3252 1654 3307 d.
1709 3254 1771 3309 B.
1808 3252 1928 3320 VH,
1978 3255 2028 3309 6.
2065 3253 2160 3322 IX,
2201 3258 2246 3309 1.
2284 3286 2350 3296 -
2403 3257 2537 3313 Luc·

277 3342 416 3398 Gall.
456 3360 501 3398 c.
539 3348 607 3397 26
645 3353 1028 3400 commemorat
1067 3345 1208 3397 inter
1256 3351 1583 3411 apparatum
1634 3344 1936 3396 scaenicum
1956 3346 2079 3413 ξίφη
2115 3346 2544 3414 ἐλεφαντόκωπα.

427 3434 482 3503 2)
519 3432 602 3486 De
637 3434 742 3488 hoc
801 3434 982 3501 gladio
1019 3434 1205 3488 Aiacis
1260 3431 1495 3487 Lobeck.
1558 3433 1616 3485 in
1675 3432 1816 3487 libro
1855 3448 1975 3487 suo:
2039 3433 2322 3502 Sophoclis
2382 3438 2543 3496 Aiax,

278 3520 463 3574 Berlin
505 3522 659 3575 1866.
696 3539 749 3591 p.
789 3525 894 3576 298
930 3530 1077 3577 recte
1114 3521 1496 3577 animadvertit
1532 3524 1655 3588 ‘quo
1693 3520 1908 3575 facilius
1970 3522 2293 3578 fallerentur
2329 3534 2539 3592 specta-

279 3617 458 3664 torum
496 3611 671 3680 oculi,
710 3611 1006 3679 Sophocles
1028 3652 1042 3680 ‚
1079 3622 1138 3665 ut
1174 3611 1420 3677 videtur,
1471 3610 1683 3664 dolonis
1743 3610 1942 3664 scenici
1996 3610 2241 3665 fraudem
2277 3614 2540 3684 adiunxit,

278 3715 383 3767 quo
421 3697 715 3754 histriones
751 3700 885 3768 πρὸς
920 3700 1009 3760 τὰς
1056 3699 1333 3769 κιβδήλους
1382 3700 1597 3768 σφαγάς
1633 3698 1715 3752 uti
1749 3699 1919 3752 tradit
1959 3700 2198 3754 Achilles
2234 3701 2427 3757 Tatius
2445 3705 2543 3762 III.

277 3790 361 3855 20,
401 3791 467 3841 77
520 3796 795 3855 repertum
848 3789 905 3841 in
955 3789 1211 3856 choragio
1287 3788 1608 3843 histrionico
1659 3787 1901 3854 gladium
1949 3789 2258 3845 describens
2296 3786 2358 3845 οὗ
2398 3792 2425 3845 ὃ
2463 3799 2540 3849 σι’-

274 3879 432 3945 δηρος
468 3880 542 3937 εἷς
576 3876 663 3941 κῆν
697 3876 1224 3948 κώπην,ᾰνατρὲχει’.

414 3969 470 4038 3)
507 3968 676 4023 Wies,
711 3967 777 4022 D.
817 3967 867 4022 d.
905 3967 968 4022 B.
1005 3967 1122 4035 VH,
1160 3970 1211 4022 4.
1249 3967 1387 4022 Poll.
1423 3967 1458 4022 1.
1496 3983 1547 4021 a.

419 4060 477 4129 4)
513 4056 636 4112 Non
698 4058 925 4111 multum
978 4056 1321 4111 tribuendum
1371 4064 1456 4110 est
1493 4056 1723 4127 Satyro,
1785 4059 1877 4126 qui
1914 4059 2333 4128 Sophoclem
2369 4063 2541 4121 tradit

256 4145 365 4215 mv
401 4151 676 4216 καμπύλην
711 4153 999 4218 βακτηρίαν
1034 4149 1303 4203 invenisse
1359 4147 1493 4216 (vit.
1527 4148 1694 4217 Soph.
1730 4148 1891 4202 Dind.
1928 4165 1982 4216 p.
2007 4149 2088 4202 11.
2121 4149 2305 4218 Bergk
2341 4166 2393 4218 p.
2412 4151 2544 4205 VIII

287 4233 356 4288 cf.
391 4249 448 4301 p.
482 4235 739 4307 XXVII):
779 4239 1018 4302 ,Σάτυρος
1053 4238 1112 4290 δέ
1146 4254 1308 4305 φησιν
1348 4234 1422 4289 ὅτι
1457 4236 1549 4288 καὶ
1602 4237 1689 4300 τὴν
1733 4237 2014 4308 καμπύλην
2068 4243 2356 4306 βακτηρίαν
2391 4239 2547 4302 αὐτὸς

285 4323 597 4391 ἐπενόησεν).
670 4327 875 4381 Tamen
911 4334 1187 4383 testantur
1225 4325 1405 4391 verba,
1441 4325 1737 4379 histriones
1770 4326 1876 4379 hoc
1910 4328 2105 4382 baculo
2144 4345 2272 4384 usos
2310 4344 2448 4384 esse.

426 4412 481 4479 5)
520 4412 580 4463 In
619 4413 831 4478 pictura
867 4416 1054 4483 Pomp.
1094 4415 1260 4469 rubra
1296 4412 1469 4466 infula
1505 4412 1646 4467 collo
1684 4414 2022 4470 Cassandrae
2060 4417 2403 4473 circumiecta
2440 4427 2542 4490 est,

277 4500 343 4555 cf.
384 4501 677 4556 Wieseler:
719 4503 900 4571 Bergk
934 4522 988 4558 u.
1030 4505 1258 4559 Caesars
1299 4502 1513 4557 Ztschr.
1557 4505 1692 4557 1845
1731 4520 1784 4571 p.
1825 4506 1943 4559 108.
