3125 5000
1206 322 1623 387 -25„..

273 493 389 567 τὰς
432 492 702 573 παρειὰς
729 492 906 573 παρὰ
936 492 1260 577 Σοφοκλεῖ
1299 493 1507 582 (τοῦτο
1533 495 1589 557 δ’
1622 495 1749 559 ὑπὸ
1781 498 1886 580 τῆς
1910 500 2215 582 μητρυιᾶς
2244 497 2554 583 Σιδηροῦς

276 600 549 687 πληγαῖς
586 602 967 687 πέπονθεν).

454 710 614 778 Cum
655 730 932 796 persona
974 711 1170 778 simili
1212 712 1400 779 modo
1428 713 1631 781 tincta
1675 712 2040 798 Oedipus
2082 713 2148 780 in
2193 713 2348 782 Oed.
2391 716 2556 800 Reg-

277 820 532 908 prodiit.
621 821 787 887 Nam
831 822 941 905 qui
995 842 1217 889 servus
1282 843 1498 907 regem
1563 823 1781 890 oculos
1824 822 1950 890 sibi
1994 824 2351 891 excussisse
2393 845 2552 892 nun·

272 929 414 1015 tiat,
457 927 546 995 ad
589 930 852 996 chorum
897 928 1018 1017 (vs.
1066 931 1260 1015 1297)
1307 933 1532 1010 θέαμα
1579 931 1635 995 δ’
1677 931 1925 1020 εἰσόψει
1968 935 2129 1013 τάχα
2172 934 2380 1017 inquit
2422 956 2549 999 τοι-

272 1043 465 1103 οῦτον
521 1034 656 1100 οἷον
712 1041 820 1098 καὶ
879 1039 1194 1115 στυγοῦντ’
1251 1037 1618 1105 ἕποικτίσαι.
1703 1041 1787 1106 Et
1845 1041 2073 1108 chorus
2121 1061 2337 1126 regem
2380 1043 2549 1128 aspi·

273 1148 452 1214 ciens
495 1147 815 1214 exclamat
877 1148 999 1232 (vs.
1046 1147 1246 1231 1304)
1314 1144 1454 1211 a’u’
1512 1145 1648 1215 οὐδ’
1704 1148 1937 1213 ἐσιδεῖν
2000 1146 2285 1231 δύναμαί
2329 1166 2414 1213 σε.
2459 1186 2547 1201 --

279 1257 563 1324 Persona
613 1256 786 1340 regis
829 1255 897 1322 in
942 1255 1101 1323 Oed.
1146 1256 1364 1322 Oolon.
1411 1258 1783 1323 caecitatem
1830 1257 2157 1325 indicabat
2179 1258 2244 1342 1).

448 1366 884 1450 Thamyris
944 1385 1218 1451 persona
1251 1367 1564 1450 utebatur,
1611 1367 1793 1433 cuius
1815 1368 1977 1433 alter
1999 1368 2213 1434 oculus
2254 1365 2547 1445 γλαυκός,

276 1477 441 1542 alter
481 1475 680 1556 μέλας
721 1482 862 1541 erat
905 1474 1233 1561 (Θάμυρις
1303 1474 1412 1537 τὸν
1454 1477 1573 1555 μὲν
1647 1460 1807 1555 ἔχων
1848 1473 2129 1554 γλαυκόν
2171 1473 2548 1559 ὀφθαλμὸν,

273 1584 385 1646 τὸν
428 1580 499 1645 δὲ
540 1580 812 1662 μέλανα.
856 1581 1017 1647 Poll.
1060 1581 1102 1645 1.
1146 1585 1245 1662 a.).
1332 1580 1499 1660 Quid
1558 1581 1680 1647 hoc
1737 1581 1860 1647 sibi
1921 1581 2106 1667 velit,
2171 1580 2548 1665 Lessingius

274 1692 516 1778 primus
575 1691 888 1776 exposuit.
975 1691 1139 1757 Nam
1183 1690 1528 1776 Thamyris
1590 1697 1925 1776 postquam
1990 1692 2173 1758 initio
2218 1709 2362 1757 eam
2404 1712 2549 1776 par·

275 1809 404 1869 tem
448 1819 784 1886 personae,
828 1818 956 1884 qua
986 1799 1206 1865 oculus
1250 1800 1506 1866 validus
1552 1800 1707 1885 fuit,
1749 1803 2214 1886 spectatoribus
2259 1802 2552 1886 obvertit,

274 1932 415 1978 cum
462 1931 504 1976 a
546 1909 743 1976 musis
810 1909 1189 1976 obcaecatus
1250 1916 1453 1995 esset,
1520 1910 1733 1976 subito
1798 1912 2065 1978 alterum
2126 1911 2396 1996 oculum,
2438 1910 2551 1994 qui

278 2018 573 2106 praebuit
615 2017 945 2086 caecitatis
989 2020 1290 2105 speciem,
1335 2018 1717 2087 monstravit
1736 2018 1799 2104 2).

1164 2293 1215 2338 c.
1304 2273 1662 2357 Euripides,

449 2413 863 2504 Εὖίππηῧ).
950 2416 1234 2483 Persona
1259 2415 1395 2483 eius
1438 2421 1630 2502 caput
1665 2414 1808 2499 equi
1831 2413 2201 2480 imitabatur
2244 2411 2553 2500 (Εὐίππη,

276 2522 310 2609 ἢ
356 2528 678 2606 Χείρωνος
719 2523 1241 2609 ὑπαλλαττομένη
1283 2525 1374 2599 εἷς
1416 2530 1619 2588 ἵππον
1667 2526 1819 2606 παρ’
1861 2522 2220 2612 Εὐριπίδῃ).

443 2631 694 2699 Deinde
739 2633 1288 2698 commemoranda
1351 2640 1447 2700 est
1492 2634 1593 2700 hic
1636 2653 1910 2718 persona
1953 2632 2241 2699 Persei
2307 2634 2376 2697 in
2421 2634 2548 2697 An-

276 2742 491 2821 drom„
536 2741 714 2806 cuius
757 2743 972 2826 imago
1000 2743 1186 2809 nobis
1230 2763 1432 2829 nuper
1475 2744 1722 2828 pictura
1752 2742 2147 2828 Pompeiana
2191 2763 2230 2806 a
2274 2742 2549 2807 Roberto

277 2851 521 2936 edita4)
566 2850 896 2936 proposita
941 2858 1053 2918 est.
1146 2852 1407 2918 Summa
1471 2860 1686 2918 autem
1748 2852 2039 2918 veritatis
2098 2850 2311 2936 specie
2351 2889 2437 2899 -—
2477 2854 2550 2915 ut

274 2962 401 3027 iam
446 2981 642 3046 supra
701 2959 1125 3027 animadverti
1175 2999 1245 3008 -ν
1299 2961 1504 3027 relata
1571 2969 1667 3027 est
1713 2982 1754 3026 a
1795 2961 2073 3027 Roberto
2133 2959 2220 3025 ad
2262 2959 2547 3025 fabulam

273 3068 704 3156 Euripideam.
788 3069 998 3154 Supra
1019 3068 1311 3157 ,frontem
1355 3089 1669 3154 personae
1712 3069 1933 3134 Persei
1974 3073 2072 3134 est
2116 3067 2326 3152 galea,
2370 3066 2550 3133 cuius

271 3178 484 3244 media
523 3198 677 3264 pars
720 3177 786 3242 in
832 3177 1150 3263 gryphum
1193 3178 1346 3244 exit.

445 3285 818 3351 Bacchus
859 3285 925 3350 in
963 3285 1336 3352 Bacchabus
1377 3305 1714 3371 personam
1758 3284 1945 3351 flavis
1989 3304 2130 3350 cum
2173 3283 2449 3349 crinibus
2494 3288 2559 3348 et

271 3393 547 3480 juvenili,
626 3393 754 3459 oris
835 3394 1042 3460 colore
1104 3395 1403 3477 gestabat
1461 3393 1581 3480 (vs.
1627 3393 1755 3460 235
1813 3396 2115 3470 ξανθοῖσι
2157 3391 2549 3474 βοστρύχοισι

274 3499 537 3581 εὖοσμὸς
612 3497 832 3584 κόμην.
897 3521 987 3566 vs,
1030 3501 1155 3566 457
1231 3500 1457 3585 λευκὴν
1532 3501 1604 3564 δὲ
1671 3505 1897 3585 χροιὰν
1972 3500 2061 3575 εἷς
2145 3500 2552 3583 παρασκευήν

280 3611 438 3691 ἔχεις
482 3605 600 3688 οὐχ
646 3606 825 3691 ἡλίου
869 3609 1183 3688 βολαῖσιν,
1253 3607 1392 3673 ἄλλ’
1436 3608 1562 3673 ὑπὸ
1597 3614 1795 3683 σκιᾶς.
1841 3611 1969 3676 438
2001 3608 2286 3672 οἰνωπὸν
2312 3606 2550 3692 γένυν).

444 3719 761 3784 Personas
818 3717 1060 3803 pallido
1125 3720 1337 3786 colore
1383 3720 1706 3786 habebant
1749 3716 2188 3805 Erinyes5).
2274 3718 2440 3783 Nam
2481 3715 2550 3781 in

275 3825 597 3912 Aristoph.
643 3825 808 3891 Plut.
856 3826 1040 3910 (422)
1086 3826 1336 3892 Chrem.
1389 3826 1475 3892 ad
1519 3828 1786 3892 Peniam
1846 3829 1941 3888 (σύ
2003 3824 2128 3889 δέἶ
2165 3825 2300 3904 vig-'3
2344 3823 2553 3908 inquit

420 4092 472 4157 1)
509 4090 648 4145 Poll.
687 4089 724 4144 1.
763 4105 812 4144 a.
851 4096 1235 4145 commemorat
1289 4106 1579 4159 personam
1631 4091 1827 4147 Phinei
1879 4091 2028 4148 caeci
2065 4089 2282 4161 (Φινεὺς
2314 4088 2550 4158 τυφλός).

415 4179 473 4246 2)
510 4179 590 4234 Cf.
629 4179 813 4248 Quint.
850 4180 946 4249 XI,
984 4184 1035 4235 3.
1074 4182 1159 4235 75.

417 4267 470 4334 3)
506 4267 732 4324 Rectius
753 4266 924 4338 Ἵππη,
962 4270 1030 4324 cf.
1068 4270 1340 4339 Welcker‚
1380 4270 1475 4327 Gr.
1512 4271 1607 4327 Tr.
1645 4273 1715 4342 H,
1753 4275 1874 4328 848.
1910 4271 2122 4340 Nauck,
2159 4272 2328 4340 Trag.
2360 4286 2441 4340 gr.
2477 4268 2547 4327 fr.

276 4355 396 4408 404.
433 4355 554 4408 408.
591 4355 760 4411 Wies.
799 4358 914 4412 Ind.
955 4359 1124 4413 schol.
1168 4362 1401 4427 1869s7o
1438 4376 1490 4427 p.
1529 4362 1614 4414 21.

415 4443 471 4512 4)
507 4445 572 4496 A.
609 4443 668 4497 Ζ.
709 4449 847 4501 1878
885 4446 1019 4503 Tab.
1057 4448 1152 4502 ΠΙ.

412 4533 469 4602 5)
505 4533 589 4587 De
625 4532 849 4590 Eumen.
887 4552 1126 4606 persona
1161 4555 1249 4607 ap.
1282 4540 1536 4611 Aeschyl.
1576 4540 1642 4595 cf.
1682 4556 1864 4609 supra.
