3125 5000
1457 310 1847 373 -8-

682 485 816 551 Nec
860 489 1060 549 totum
1106 482 1392 548 habitum
1438 523 1525 534 -—
1567 489 1637 547 ut
1696 481 1871 566 apud
1915 481 2240 549 Pollucem
2287 481 2642 568 (Onomast.
2689 485 2800 563 IV,

513 592 638 659 115
707 596 813 654 καὶ
877 592 1060 675 σκευὴ
1105 594 1223 673 μὲν
1282 591 1317 675 ἢ
1387 594 1511 653 τῶν
1582 588 1939 674 ὑποκριτῶν
1998 589 2187 673 στολή
2252 586 2317 678 (ἦ
2364 591 2429 654 δ’
2493 589 2646 676 αὐτὴ
2695 597 2802 654 καὶ

505 700 826 781 σωμάτιον
848 699 1186 784 ἐκαλεῖτο»
1213 737 1291 746 ——
1318 699 1438 766 hoc
1460 699 1728 765 Luciani
1769 699 1909 765 loco
1930 702 2253 780 σωμάτιον
2271 700 2638 784 significare
2667 709 2801 786 pot-

509 815 624 875 est.
712 808 844 876 Sed
887 808 943 874 si
985 808 1358 892 respicimus
1404 806 1491 873 ad
1536 806 1982 890 προστερνίδια
2015 814 2079 873 et
2114 807 2593 894 προγαστρίδια,
2635 829 2803 893 quae

511 918 932 1002 gestabantur
977 938 1018 983 a
1064 916 1387 983 nonnullis
1433 921 1677 982 tantum
1718 916 2172 1002 histrionibus,
2217 917 2656 984 desideramus
2686 918 2802 983 ali-

418 1068 431 1075 ·
515 1046 707 1109 quam
752 1045 885 1090 rem
942 1044 1070 1108 qua
1113 1030 1314 1090 totum
1384 1024 1665 1090 omnium
1733 1023 1998 1089 heroum
2067 1031 2131 1090 et
2199 1024 2528 1091 heroidum
2575 1045 2802 1112 corpus

516 1132 1059 1218 amplificabatur,
1121 1141 1191 1198 ut
1256 1133 1578 1198 altitudini
1655 1133 2070 1218 responderet
2126 1133 2520 1200 crassitudo:
2600 1135 2807 1213 Quam

515 1262 648 1308 rem
695 1240 1014 1321 σωμάτιον
1056 1241 1254 1307 fuisse
1298 1261 1548 1308 censeo.
1594 1240 2035 1324 προστερνίδια
2082 1248 2291 1306 autem
2333 1247 2399 1307 et
2436 1246 2805 1325 προγαστρί-

519 1350 666 1430 δια,
716 1351 772 1416 si
818 1350 1326 1436 usurpabantur,
1371 1351 1465 1416 illi
1512 1349 2226 1436 superiniciebantur¹).

691 1459 833 1525 Non
881 1466 1132 1544 pugnat
1196 1464 1420 1525 contra
1463 1459 2055 1544 interpretationem
2116 1479 2323 1525 meam
2388 1458 2548 1525 illud
2591 1459 2803 1525 Photii

522 1564 851 1647 σωμάτια·
942 1570 1014 1630 τοὶ
1084 1566 1604 1646 α’ναπλοίσματα,
1683 1565 1774 1640 οἷς
1847 1565 1909 1628 οἳ
1974 1565 2306 1649 ὑποκριταὶ
2365 1567 2807 1631 διασοῖττουσιν

519 1673 772 1748 αὐτούς.
833 1674 1030 1749 οὕτως
1074 1672 1374 1738 Πλάτων.
1461 1674 1823 1743 Secundum
1884 1676 2042 1742 haec
2101 1675 2296 1741 verba
2363 1676 2804 1759 προστερνίδια

521 1791 586 1852 et
630 1783 1089 1866 προγαστρίδια
1135 1790 1199 1850 et
1242 1805 1460 1851 omnes
1505 1805 1672 1867 qnae
1718 1784 1801 1850 ad
1848 1804 2077 1869 corpus
2110 1784 2628 1869 amplificandum
2667 1806 2806 1870 per-

520 1893 816 1958 tinebant
858 1913 960 1958 res
1000 1894 1400 1958 vocabantur
1444 1894 1757 1974 σωμάτια.
1846 1893 2028 1972 Quae
2076 1894 2274 1958 verba
2319 1894 2507 1959 nimis
2555 1894 2622 1959 in
2668 1895 2803 1959 uni·

525 2021 775 2067 versum
821 2000 993 2066 dicta
1038 2007 1187 2066 sunt
1231 2021 1422 2085 quam
1468 2009 1536 2066 ut
1583 2023 1663 2067 ex
1708 2001 1788 2065 iis
1833 1999 2077 2084 aliquid
2124 2001 2278 2066 certi
2332 2002 2620 2067 concludi
2663 2023 2805 2087 pos-

523 2109 624 2176 sit.
711 2110 955 2174 Tamen
1005 2109 1218 2176 dicere
1263 2109 1413 2175 licet
1456 2109 1803 2175 secundum
1848 2109 2144 2175 Photium
2192 2109 2294 2175 vel
2340 2111 2552 2194 potius
2594 2110 2808 2176 Plato·

522 2238 666 2284 nem
713 2220 1032 2297 σωμάτιον
1075 2217 1275 2284 fuisse
1318 2239 1471 2302 rem,
1516 2239 1645 2302 qua
1688 2219 2034 2284 utebantur
2103 2219 2445 2285 histriones
2491 2219 2576 2284 ad
2621 2219 2808 2286 effar-

522 2324 817 2392 ciendum
842 2323 904 2406 ²).

693 2435 857 2499 Tum
904 2432 1225 2514 σωμάτιον
1268 2432 1544 2498 indicari
1591 2432 1657 2498 in
1704 2433 1969 2498 Lucian.
2013 2433 2229 2500 Somn.
2276 2455 2329 2500 c.
2372 2435 2456 2502 26
2502 2438 2810 2524 suspicor,

526 2545 639 2609 ubi
687 2544 767 2609 de
810 2543 1148 2625 histrione,
1199 2544 1306 2626 qui
1351 2543 1621 2627 labitur,
1668 2542 1899 2609 dicitur
1945 2592 1960 2608 .
1996 2594 2010 2610 .
2041 2593 2055 2609 .
2101 2547 2208 2605 καὶ
2251 2547 2377 2606 τῶν
2421 2544 2661 2608 σκελῶν
2704 2546 2812 2609 ἐπὶ

528 2653 694 2718 πολὺ
735 2653 1192 2733 γυμνουμένων
1256 2650 1343 2724 ὥς
1401 2653 1507 2733 τῆς
1562 2674 1626 2713 τε
1691 2651 1960 2734 ἐσθῆτος
2010 2653 2085 2713 τοὶ
2132 2650 2410 2716 ἔνδοθεν
2456 2657 2813 2735 φαίνεσθαι

531 2758 729 2846 ῥάκια
777 2759 1052 2842 δύστηνα
1099 2759 1274 2828 ὄντα.
1378 2759 1584 2837 Quam
1630 2759 1715 2824 ad
1762 2780 1893 2824 rem
1938 2759 2099 2826 haec
2138 2761 2336 2825 verba
2380 2762 2607 2828 melius
2654 2762 2815 2830 refe-

525 2869 730 2934 renda
776 2874 923 2933 sunt
983 2887 1175 2951 quam
1240 2868 1325 2933 ad
1383 2866 1738 2948 σωμάτιον,
1785 2866 1954 2950 quod
2008 2868 2126 2933 sub
2191 2868 2531 2953 splendida
2592 2873 2811 2939 tunica

530 2976 765 3043 latuit?
808 2974 861 3062 ⁸)

671 3193 725 3263 1)
763 3192 879 3247 Nec
916 3193 1187 3263 σωμάτιον
1223 3205 1389 3259 super
1412 3192 1787 3261 προστερνίδια
1813 3200 1868 3248 et
1892 3196 2281 3265 προγαστρίδια
2319 3196 2569 3267 (Miillerz
2608 3197 2810 3254 Philol.

523 3286 749 3354 XXXV,
785 3302 839 3355 p.
878 3286 1007 3355 351)
1044 3284 1400 3350 induebatur,
1455 3285 1552 3340 sed
1588 3286 1772 3354 potius
1810 3286 1984 3354 infra,
2042 3289 2170 3356 quia
2235 3289 2376 3343 illud
2425 3305 2534 3345 non
2591 3291 2662 3345 ad
2699 3292 2812 3346 vin-

524 3378 788 3446 ciendum,
825 3377 921 3432 sed
957 3377 1029 3432 ad
1065 3375 1449 3432 effarciendum
1484 3377 1665 3445 ipsum
1700 3377 2030 3445 pertinebat.

669 3472 727 3542 2)
765 3471 849 3525 De
883 3471 1198 3526 coniectura
1234 3471 1516 3542 ‘cwpoeu'qu’
1552 3472 1612 3525 in
1651 3471 1906 3541 Aeschyli
1942 3473 2054 3526 vita
2092 3470 2159 3526 cf.
2196 3471 2357 3527 infra.
2395 3489 2448 3541 p.
2492 3477 2558 3528 12
2596 3477 2719 3531 adn.
2759 3481 2807 3533 2.

673 3565 730 3635 3)
766 3563 929 3633 Apud
967 3565 1264 3620 histriones
1298 3565 1468 3633 igitur
1505 3566 1739 3620 comicos
1777 3566 2050 3636 σωμάτιον
2095 3565 2198 3619 fuit
2234 3568 2404 3621 vestis
2442 3574 2564 3623 arte
2593 3571 2815 3638 corpori

531 3659 747 3713 adiecta
785 3675 906 3712 cum
944 3657 1150 3726 phallo.
1223 3658 1310 3711 Ita
1347 3658 1454 3711 iam
1492 3658 1754 3713 iudicavit
1790 3658 2063 3714 Wieseler
2099 3658 2214 3712 Ind.
2253 3658 2422 3714 schol.
2461 3659 2608 3716 Gott.
2630 3662 2817 3731 1809170

527 3767 584 3820 p.
621 3756 668 3807 7.
710 3782 776 3791 —
816 3750 1036 3821 (Phallo
1074 3757 1255 3804 autem
1291 3750 1590 3805 histriones
1626 3751 1827 3805 veteris
1866 3750 2178 3805 comoediae
2213 3767 2343 3805 usos
2381 3767 2529 3819 esse,
2564 3754 2725 3806 multi
2759 3753 2817 3807 in

531 3843 921 3912 Aristophanis
970 3840 1173 3896 fabulis
1227 3842 1335 3896 loci
1384 3841 1582 3897 docent
1630 3843 1841 3913 (Nubes
1887 3859 1966 3898 vs.
2004 3845 2125 3898 538.
2176 3846 2295 3897 736.
2357 3844 2651 3914 Lysistrat.
2692 3847 2813 3899 989.

531 3940 652 3991 991.
696 3939 848 3990 1083.
889 3934 1408 4002 Thesmophor..62.
1448 3936 1593 4003 239).
1679 3936 1827 3990 Data
1874 3936 2161 3990 occasione
2217 3936 2506 3990 admonere
2562 3937 2695 3991 mihi
2751 3937 2816 3991 li-

530 4034 681 4095 ceat,
731 4027 1029 4081 histriones
1075 4027 1168 4094 qui
1222 4027 1279 4080 in
1331 4028 1679 4083 vasculorum
1729 4029 1960 4097 picturis
2013 4028 2251 4096 Magnae
2306 4028 2574 4083 Graeciae
2638 4029 2818 4085 effecti

529 4128 686 4187 sunt,
739 4135 1063 4187 quamquam
1112 4120 1183 4174 ad
1219 4120 1776 4191 Phlyacographiam‚
1826 4137 1967 4189 quae
2004 4121 2331 4187 nominatur,
2370 4135 2452 4173 me
2489 4119 2705 4188 quidem
2741 4124 2821 4177 iu-

529 4216 649 4270 dice
706 4221 831 4268 sunt
879 4211 1175 4282 referendi,
1232 4220 1411 4268 tamen
1469 4214 1627 4268 nobis
1689 4215 1925 4282 speciem
1972 4213 2195 4267 habitus
2233 4212 2561 4267 histrionum
2614 4217 2819 4271 veteris

533 4307 847 4364 comoediae
884 4307 1166 4375 praebere.
1261 4307 1367 4361 Sed
1406 4307 1495 4361 hic
1550 4324 1661 4362 non
1698 4314 1783 4362 est
1830 4308 1983 4361 locus
2022 4322 2136 4361 rem
2173 4305 2391 4373 planius
2430 4318 2720 4373 exponere.
2748 4337 2818 4350 —

534 4401 674 4457 Tum
714 4400 861 4469 apud
900 4408 1118 4471 satyros
1168 4400 1388 4454 fabulae
1438 4402 1712 4470 satyricae
1759 4400 1979 4470 (Wies.‚
2031 4399 2132 4453 Th.
2173 4415 2222 4452 u.
2263 4397 2331 4451 D.
2369 4397 2420 4451 d.
2461 4397 2523 4453 B.
2557 4398 2657 4470 VI)
2695 4401 2819 4456 sub·-

535 4495 829 4565 ligaculum
867 4494 971 4549 fuit
1009 4510 1128 4549 cum
1165 4493 1487 4564 ithyphallo.
1562 4494 1780 4561 Quibus.
1804 4493 2070 4562 expositis
2106 4492 2312 4560 elucet,
2349 4492 2617 4561 quomodo
2673 4493 2819 4562 apud
