3125 5000
1541 338 1955 406 „20-

621 513 772 578 mihi
842 515 1098 579 minime
1179 514 1511 599 probabile
1577 535 1718 580 esse
1777 514 2046 583 videtur.
2131 514 2292 581 Nam
2373 514 2715 581 cothurnus
2774 536 2908 599 quo

618 623 849 707 tragici
912 622 1253 689 histriones
1333 624 1720 707 gravitatem
1792 624 2297 708 dignitatemque
2361 624 2624 691 heroum
2704 624 2909 691 adae-

619 739 909 818 quarent,
951 734 1402 800 accomodatus
1446 754 1574 799 non
1633 734 1892 819 fuisset,
1960 755 2082 818 quo
2127 735 2713 802 momento'heroes
2756 734 2904 819 dig-

615 843 880 907 nitatem
926 842 1316 927 deponentes
1340 842 1508 907 inter
1530 849 1783 928 satyros
1827 842 2076 909 iocosos
2121 863 2263 909 sese
2304 843 2673 910 miscebant.
2760 844 2906 909 Nec

619 969 770 1015 vero
813 949 954 1016 fieri
996 950 1235 1034 potuit,
1298 950 1452 1032 quin
1511 950 1652 1016 sine
1714 951 2037 1016 cothurnis
2101 970 2399 1017 scaenam
2459 950 2903 1034 ascenderent,

618 1064 689 1123 ut
729 1064 1013 1143 satyrum
1052 1058 1364 1125 lascivum
1428 1057 1582 1124 data
1639 1060 1975 1125 occasione
2037 1066 2564 1143 persequerentur
2604 1065 2669 1124 et
2710 1059 2900 1144 puni-

625 1173 768 1233 rent
789 1167 837 1250 ²)
906 1173 1017 1233 aut
1070 1168 1364 1233 bibentes
1431 1175 1623 1251 atque
1684 1168 1947 1234 edentes
1992 1167 2163 1234 humi
2210 1188 2281 1234 se
2324 1174 2676 1233 sternerent
2692 1166 2764 1250 2).
2814 1205 2893 1217 --—

616 1275 941 1342 Postremo
1012 1275 1261 1360 pictura
1319 1276 1565 1342 vasculi
1632 1277 1777 1362 ipsa
1839 1278 2101 1363 probat,
2158 1277 2573 1343 histrionibus
2630 1276 2898 1342 fabulae

620 1383 945 1468 satyricae
989 1384 1328 1451 cothurnos
1372 1406 1500 1451 non
1545 1385 1762 1452 fuisse.

790 1492 878 1557 At
920 1492 989 1557 in
1031 1512 1270 1558 scaena
1312 1494 1574 1560 fabulae
1619 1495 1943 1579 satyricae
1978 1494 2232 1561 Silenus
2275 1501 2489 1579 gestat
2533 1496 2899 1561 cothurnos.

619 1600 844 1685 (Wies.
887 1601 966 1666 D.
1010 1601 1071 1667 d.
1114 1603 1187 1667 B.
1235 1602 1413 1687 VIII,
1460 1603 1591 1687 11).
1678 1603 1940 1668 Summa
1982 1623 2135 1670 vero
2181 1604 2535 1671 eruditione
2580 1604 2894 1670 Wieseler

618 1710 895 1794 probare
935 1711 1177 1799 studuit
1217 1712 1285 1776 in
1329 1712 1493 1777 libro
1561 1712 1669 1795 qui
1725 1713 2120 1781 inscribitur:
2207 1713 2361 1777 ‘Das
2424 1713 2800 1798 Satyrspiel'
2821 1711 2896 1797 ⁸),

622 1817 787 1884 hanc
829 1839 1129 1887 scaenam
1175 1819 1263 1885 ad
1306 1819 1593 1886 fabulam
1637 1821 1980 1904 satyricam
2028 1819 2426 1886 referendam
2473 1840 2634 1905 esse,
2677 1840 2893 1903 quam-

622 1947 813 2010 quam
884 1930 1024 2014 ipse
1087 1928 1572 2008 animadvertit,
1637 1937 1926 1995 ornatum
1973 1929 2296 1994 histrionis
2340 1949 2468 1995 non
2513 1927 2898 2014 respondere

622 2035 706 2101 ad
753 2036 948 2101 Sileni
992 2037 1279 2102 habitum
1324 2039 1707 2122 scaenicum,
1751 2039 1859 2122 qui
1889 2038 2074 2103 nobis
2119 2056 2156 2102 e
2199 2038 2624 2104 monumentis
2663 2038 2822 2103 artis
2838 2037 2895 2124 4)

621 2149 686 2209 et
727 2144 954 2210 litteris
973 2145 1026 2230 5)
1078 2146 1373 2230 cognitus
1417 2153 1530 2213 est.
1618 2146 1761 2224 Qua
1804 2147 1869 2211 in
1933 2166 2002 2211 re
2064 2145 2480 2211 diiudicanda
2542 2166 2735 2212 unum
2801 2152 2899 2213 est

625 2254 1109 2337 gravissimum:
1168 2256 1477 2322 Gestatne
1538 2256 1747 2339 figura
1791 2256 1904 2320 illa
1948 2255 2273 2321 calvitium
2318 2257 2584 2321 annon?
2672 2257 2741 2322 Si
2788 2274 2895 2339 ge-

622 2370 840 2446 staret,
884 2365 1227 2429 assentirer
1249 2364 1617 2449 Wieseler0,
1663 2365 1718 2430 si
1763 2384 1889 2429 non
1922 2370 2135 2447 gestat
2178 2401 2261 2412 —
2308 2364 2478 2448 quod
2521 2384 2896 2449 persuasum

624 2470 832 2538 habeo
878 2511 960 2521 -—-
1007 2472 1384 2557 tragoedum
1428 2480 1492 2539 et
1556 2492 1821 2559 puerum
1888 2480 2001 2538 aut
2059 2475 2114 2540 si
2172 2474 2379 2541 mavis
2423 2481 2709 2559 satyrum
2752 2494 2895 2544 con·

626 2581 949 2666 spicimus.
1033 2579 1109 2647 In
1184 2583 1556 2648 memoriam
1602 2603 1828 2648 revoco
1909 2583 2287 2666 tragoedum
2356 2590 2420 2648 et
2460 2602 2727 2669 puerum
2768 2584 2896 2648 iam

623 2698 820 2757 antea
860 2691 1147 2775 pinxisse
1188 2691 1535 2758 Aristidem
1555 2690 1629 2776 ⁶).
1714 2690 1786 2758 Si
1828 2698 1963 2757 tum
2008 2693 2281 2777 quaeris,
2326 2712 2485 2775 quas
2529 2699 2746 2777 partes
2791 2692 2899 2764 ille

619 2799 969 2884 tragoedus
1035 2802 1416 2885 susceperit,
1483 2821 1613 2866 non
1680 2800 1946 2866 haereo:
2005 2801 2243 2866 Bacchi
2321 2807 2540 2886 partes
2603 2802 2895 2887 suscepit.

622 2909 790 2975 Nam
862 2914 1124 2973 ornatus
1199 2908 1528 2973 histrionis
1589 2909 1903 2974 consentit
1960 2927 2105 2974 cum
2146 2909 2425 2974 Pollucis
2470 2908 2892 2995 descriptione

624 3014 956 3102 Bacchi7).
1044 3016 1255 3101 Supra
1299 3014 1593 3079 ποικίλον
1635 3036 1847 3082 nonne
1901 3016 2163 3101 pallium
2208 3036 2432 3082 croceo
2477 3017 2691 3083 colore
2750 3037 2893 3083 con-

622 3126 953 3210 spicimus,
1028 3124 1198 3209 quod
1272 3123 1621 3190 secundum
1664 3124 2045 3191 feminarum
2112 3124 2629 3192 consuetudinem
2650 3122 2703 3212 ⁸)
2788 3144 2892 3190 ex-

773 3386 826 3457 1)
865 3386 945 3441 cf.
1004 3384 1232 3441 Aristid.
1270 3386 1356 3441 46.
1394 3386 1465 3449 H,
1501 3402 1553 3454 p.
1594 3389 1714 3441 310.
1765 3386 2040 3455 Welcker,
2096 3385 2325 3442 Nachtr.
2382 3404 2429 3439 z.
2477 3386 2713 3471 aeschyl.
2758 3385 2892 3441 Tril.

628 3491 681 3544 p.
720 3478 840 3531 298.
880 3506 946 3516 -—
1010 3475 1239 3545 Saepius
1289 3475 1553 3530 eiusmodi
1590 3492 1817 3531 scaenae
1866 3478 1924 3530 in
1981 3492 2238 3532 vasorum
2288 3476 2518 3545 picturis
2554 3477 2897 3531 inveniuntur

626 3565 742 3620 sine
779 3565 942 3619 dubio
976 3566 1332 3633 respicientes
1370 3564 1441 3619 ad
1476 3564 1716 3619 fabulam
1749 3566 2057 3635 satyricam.
2090 3566 2311 3620 Tischb.
2329 3566 2427 3634 HI,
2464 3569 2549 3620 37.
2587 3566 2726 3621 Mill.
2754 3566 2891 3624 Gall.

624 3654 798 3724 Myth.
841 3657 958 3722 120,
994 3656 1115 3708 471.
1152 3654 1349 3709 Philol.
1386 3654 1610 3722 XXVII,
1648 3654 1782 3710 Tab.
1821 3654 1890 3722 H,
1930 3658 1976 3707 1.

769 3744 826 3815 2)
862 3744 1024 3798 Herc.
1084 3745 1141 3797 in
1192 3744 1326 3798 Eur.
1379 3743 1536 3814 Syleo
1599 3743 1927 3802 κατακλιθεὶς
1974 3744 2263 3812 ἠκραιίζετο
2313 3744 2495 3815 (Philo
2547 3744 2584 3797 J
2586 3744 2790 3799 udaeus
2825 3743 2891 3812 H,

627 3849 679 3902 p.
705 3834 851 3903 461).
926 3834 1083 3906 Syleo
1121 3834 1430 3888 advenienti
1464 3834 1729 3888 acclamat
1749 3832 1909 3889 Herc.
1945 3837 2148 3899 κλίθητι
2178 3834 2271 3887 καὶ
2304 3838 2529 3905 πίωμεν.
2559 3862 2625 3871 -—
2663 3833 2727 3887 In
2760 3833 2889 3887 Eur.

630 3920 863 3989 Cyclope
918 3921 1112 3976 deinde
1163 3922 1377 3977 Silenus
1439 3931 1493 3977 et
1542 3924 1771 3993 Cyclops
1833 3939 2069 3992 corpora
2127 3931 2508 3993 prosternunt,
2569 3920 2638 3977 cf.
2676 3938 2754 3977 vs.
2791 3924 2891 3976 544

628 4008 775 4080 Cycl.
810 4014 1013 4076 κλίθητι
1042 4009 1145 4065 νύν
1177 4032 1278 4085 μοι
1311 4012 1512 4079 πλευρὰ
1548 4013 1663 4071 θεὶς
1689 4012 1775 4065 ἐπὶ
1802 4011 2028 4084 χθονός.

773 4102 831 4173 3)
867 4118 920 4170 p.
957 4104 1043 4157 68.
1081 4105 1166 4157 29.
1205 4106 1272 4158 71
1314 4118 1463 4171 saep.
1504 4102 1574 4156 cf.
1608 4102 1676 4157 D.
1714 4102 1765 4156 d.
1802 4102 1865 4158 B.
1900 4117 1954 4170 p.
1994 4104 2080 4157 51.

772 4193 831 4263 4)
865 4192 1035 4250 Wies.
1071 4192 1139 4247 D.
1176 4192 1227 4247 d.
1268 4193 1332 4247 B.
1369 4192 1462 4261 VI,
1500 4195 1550 4246 2.
1589 4194 1640 4247 6.
1679 4194 1728 4247 9.

770 4282 826 4351 5)
865 4283 1002 4337 Ρο11.
1037 4284 1130 4352 IV,
1171 4287 1288 4339 118.

772 4374 829 4444 6)
861 4373 1002 4427 Plin.
1041 4373 1264 4442 XXXV,
1301 4376 1385 4429 99.

770 4465 827 4535 7)
862 4465 956 4534 IV,
996 4466 1111 4520 117.

775 4557 832 4628 8)
873 4555 952 4612 Of.
989 4556 1213 4611 Wiesel.
1249 4554 1316 4608 D.
1355 4551 1405 4607 d.
1443 4551 1507 4605 B.
1545 4550 1666 4618 VH,
1706 4549 1789 4604 11.
