3125 5000
1275 330 1702 396 ...47-

346 508 526 574 berto
572 513 802 571 curata
848 502 1210 590 (Archaeol.
1255 503 1412 568 Zeit.
1464 504 1632 568 1878
1676 504 1837 567 Tab.
1863 502 1979 567 III.
2024 503 2130 566 1V.
2174 502 2259 586 V)
2307 511 2370 567 et
2415 502 2618 567 histri-

322 617 489 683 ·onis
535 614 762 697 tragici
831 613 1165 679 cuiusdam
1220 611 1391 696 signi
1455 630 1536 676 ex
1598 612 1790 678 ebore
1853 610 2008 676 facti
2072 610 2375 693 (Monum.
2418 610 2478 674 d.
2525 610 2626 675 In-

344 725 562 790 stituto
608 723 723 805 XI,
775 723 874 788 13.
903 720 1000 787 cf.
1044 720 1281 786 Annali
1309 720 1524 803 1880).
1632 719 1923 785 Picturas
1959 739 2145 802 porro
2176 719 2630 802 Pompeianae,

326 831 414 895 ·in
460 830 693 913 quibus
739 848 1015 894 scaenae
1059 826 1314 894 effictae
1358 835 1543 911 sunt,
1604 825 1940 892 ediderunt
1982 825 2270 891 Presuhn
2319 826 2628 911 (Pompei.

345 940 470 1006 Die
513 944 817 1005 neuesten
842 937 1360 1020 Ausgrabungen
1405 956 1527 1001 von
1577 935 2022 1000 1874-1881,
2112 934 2289 998 Pars.
2314 933 2428 999 IX.
2469 935 2633 999 Tab.

351 1046 467 1129 1V)
513 1051 575 1111 et
632 1045 850 1110 Maass
904 1044 1101 1128 (Mon.
1147 1042 1207 1106 d.
1251 1043 1404 1108 Inst.
1452 1041 1562 1124 XI,
1609 1043 1695 1106 30
1731 1040 1913 1123 232).
2024 1039 2349 1105 Postremo
2396 1041 2627 1105 nostris

346 1154 575 1219 diebus
621 1153 858 1218 Robert
920 1172 1080 1236 opus
1148 1150 1464 1215 caelatum
1509 1149 1578 1212 in
1624 1148 1902 1213 Graecia
1947 1154 2263 1230 repertum
2308 1148 2375 1211 in
2420 1147 2627 1212 lucem

264 1244 283 1251 “
346 1262 605 1346 prodire
670 1259 857 1326 iussit
916 1256 1236 1343 (Mittbeil.
1294 1256 1355 1321 d.
1399 1255 1721 1322 archaeol.
1786 1254 1993 1319 Instit.
2054 1253 2120 1316 in
2183 1252 2391 1317 Athen
2443 1254 2628 1336 1882,

345 1366 504 1432 Tan.
549 1365 752 1448 xlv).

1198 1810 1618 1889 Excursus
1678 1806 1780 1888 ΙΙ.

697 1978 800 2045 Dc
845 1979 1150 2047 materia
1193 1981 1267 2046 ct
1311 1997 1445 2046 usu
1492 1981 1792 2045 ornatus
1835 1976 2301 2044 histrionum.

533 2125 954 2191 Personae
1013 2125 1224 2191 factae
1269 2132 1452 2192 erant
1496 2123 1785 2190 Platonis
1829 2123 2069 2189 Comici
2116 2122 2510 2206 temporibus
2555 2142 2633 2188 ex

353 2233 548 2298 linteo
574 2272 649 2280 -—
677 2233 818 2298 sine
842 2232 1037 2298 dubio
1064 2269 1137 2281 --
1170 2233 1425 2317 gipsato
1448 2230 1557 2316 (cf.
1580 2232 1736 2297 Poll.
1760 2232 1841 2315 X,
1870 2232 1988 2296 167
2017 2236 2125 2292 καὶ
2155 2234 2483 2311 προσωπῐς
2527 2235 2636 2291 καὶ

353 2340 439 2413 ὡς
481 2341 554 2403 ἐν
597 2351 727 2413 τοῖς
769 2343 1116 2422 Σοφισταῖς
1150 2340 1456 2403 Πλάτων’
1506 2336 1780 2402 ὄθόνιον
1815 2338 2209 2421 πρόσωπον).
2295 2339 2636 2424 Thespidis

351 2470 503 2517 vero
528 2448 920 2534 temporibus
942 2468 1018 2515 ex
1047 2447 1244 2515 linteo
1278 2454 1524 2513 tantum
1552 2454 1736 2514 erant
1756 2447 1853 2530 (ἐν
1880 2445 2048 2534 μόνῃ
2074 2445 2288 2533 ὀθόνῃ
2313 2445 2391 2513 cf.
2419 2468 2478 2530 p.
2511 2448 2635 2526 13).

351 2561 554 2626 Usum
601 2577 1016 2643 personarum
1061 2577 1096 2622 e
1140 2558 1334 2623 linteo
1401 2557 1656 2641 gipsato
1728 2563 1999 2622 testatur
2067 2575 2316 2639 quoque
2358 2555 2644 2624 Isidorus

357 2665 612 2749 (Origg.
657 2666 739 2748 X,
788 2666 912 2729 119
977 2664 1288 2732 habentes
1373 2664 1771 2747 (histriones)
1835 2663 2178 2728 simulacra
2257 2663 2385 2728 oris
2436 2663 2638 2729 lintea

354 2774 660 2858 gipsata).
708 2810 784 2820 «-
876 2773 1272 2855 Quamquam
1340 2772 1687 2838 secundum
1752 2772 1912 2837 haec
1993 2772 2269 2838 maxime
2328 2792 2640 2857 personae

357 2903 394 2949 e
438 2884 635 2948 linteo
679 2882 934 2966 gipsato
975 2881 1186 2946 factae
1231 2887 1578 2966 usurpatae
1622 2900 1761 2946 esse
1786 2881 2101 2962 videntur,
2142 2889 2354 2946 tamen
2399 2901 2642 2964 negare

353 2992 629 3058 nolimus
673 2990 962 3074 personis
994 2989 1184 3053 etiam
1214 2989 1449 3073 ligneis
1496 2989 1834 3055 histriones
1882 3009 2028 3054 usos
2073 3008 2232 3055 esse.
2318 2990 2421 3054 Ita
2466 3009 2636 3055 com-

350 3107 664 3168 memorat
706 3097 986 3182 Hesyeh.
1010 3116 1143 3164 ΒΝ.
1167 3097 1531 3161 κυλίνθιον·
1581 3106 1985 3179 προσωπεῖον
2003 3096 2268 3170 ξύλινον.
2321 3098 2636 3180 κύριθρα.

355 3216 725 3291 προσωπεῖα
788 3204 1038 3280 ξύλινα.
1127 3203 1430 3270 Prudent.
1490 3211 1687 3270 contr.
1732 3205 1968 3288 Symm.
2016 3204 2098 3286 ΙΙ,
2144 3204 2298 3270 646:
2363 3205 2470 3272 ‘Ut
2510 3212 2636 3271 tra-

361 3314 541 3397 gicus
580 3320 801 3379 cantor
828 3313 1006 3396 ligno
1028 3312 1190 3393 tegit
1232 3330 1345 3377 ora
1389 3318 1639 3395 cavato,
1684 3312 1803 3374 —'.
1890 3311 2205 3394 Ulpianus
2246 3312 2511 3378 adnotat
2544 3313 2642 3378 ‘ad

356 3422 679 3486 Demosth.
704 3422 974 3485 oration.
1024 3420 1122 3484 De
1145 3417 1314 3484 falsa
1335 3419 1529 3502 legat.
1554 3439 1861 3502 personas
1906 3420 2304 3485 fuissetanto
2335 3421 2641 3506 pondere,

358 3536 428 3595 ut
471 3528 842 3610 histriones,
887 3545 968 3592 ne
1014 3525 1420 3592 laederentur
1443 3574 1459 3606 ,
1524 3545 1760 3609 parvas
1820 3525 2021 3609 pelles
2065 3527 2356 3611 personis
2401 3529 2635 3594 submi-

354 3636 606 3703 sissent,

529 3744 739 3826 Magis
802 3761 991 3824 quam
1062 3740 1486 3825 descriptione
1553 3741 1818 3824 picturis
1875 3743 2094 3826 Pomp.
2155 3742 2360 3808 forma
2424 3765 2636 3829 perso·

354 3872 578 3919 narum
662 3850 1066 3933 cognoscitur
1122 3848 1339 3933 (Arcb.
1384 3849 1527 3931 Ztg.
1575 3849 1744 3914 1878
1789 3850 1951 3914 Tab.
1998 3851 2115 3915 III.
2168 3851 2279 3916 IV.
2328 3853 2430 3936 V).
2516 3854 2637 3919 Te-

355 3961 551 4044 gebat
594 3964 808 4024 autem
854 3976 1127 4041 persona
1171 3962 1370 4021 totum
1427 3964 1621 4039 caput
1666 3954 1772 4041 (cf.
1817 3957 1971 4022 Luc.
2013 3958 2180 4024 Pisc.
2227 3978 2280 4023 c.
2325 3960 2428 4024 36.
2472 3960 2638 4026 Gell.

352 4069 430 4152 V,
474 4070 509 4134 7
558 4069 728 4134 ‘nam
769 4071 958 4149 caput
1000 4071 1058 4131 et
1101 4084 1171 4130 os
1215 4065 1666 4147 cooperimento
1703 4086 2011 4146 personae
2052 4067 2341 4152 tectum').
2431 4069 2643 4154 Supra

355 4173 627 4240 frontem
671 4175 794 4239 fuit
837 4171 1152 4239 interdum
1199 4172 1482 4237 accessio
1528 4172 1848 4254 quaedam
1891 4173 2034 4257 plus
2077 4182 2189 4239 aut
2233 4176 2440 4241 minus
2483 4177 2637 4261 alta,

353 4280 640 4348 crinibus
680 4288 873 4365 tecta,
919 4280 1022 4348 cui
1065 4299 1295 4347 nomen
1361 4284 1499 4345 erat
1542 4279 1728 4355 ὄγκος
1773 4281 1961 4362 (Poll.
2005 4282 2116 4366 IV,
2165 4284 2288 4349 133
2335 4284 2520 4359 ὄγκος
2564 4282 2640 4347 δέ

350 4390 476 4453 ἐστι
537 4391 604 4452 τὸ
666 4386 824 4469 13an
870 4391 936 4451 τὸ
999 4388 1348 4470 πρόσωπον
1413 4385 1651 4466 ἀνέχον
1732 4387 1822 4461 εἷς
1888 4388 2063 4471 ὕψος
2120 4389 2489 4474 λαβδοειδὲς
2550 4396 2633 4478 τῷ

349 4498 663 4581 σχήμαιι).
755 4495 845 4562 ΟΒ
904 4495 1137 4563 deinde
1214 4493 1403 4560 valde
1471 4493 1661 4559 hians
1722 4496 1954 4581 (στόμα
2018 4499 2270 4581 κεχηνὸς
2329 4496 2635 4578 πάμμεγα
