3125 5000
1422 323 1856 387 ...10—

497 498 743 581 ingenti
790 499 1127 564 altitudine
1186 476 1308 563 fuit
1375 496 1601 562 histrio
1647 494 1964 577 tragicuS,
2030 493 2138 576 qui
2184 494 2250 557 in
2296 512 2534 579 pompa
2576 494 2786 559 Ptole·
2861 570 2886 591 .

499 607 668 673 maei
713 607 1119 691 Philadelphi
1175 606 1571 690 temporibus
1618 601 2054 670 Alexandriae
2100 602 2275 668 facta
2318 604 2648 686 ingressus
2691 611 2789 670 est

502 714 611 798 (cf.
656 714 971 779 Callixen.
1026 733 1131 797 ap.
1189 713 1589 778 Athenaeum
1634 712 1710 796 V,
1759 711 1928 776 198a
1975 758 1990 776 .
2036 759 2051 775 .
2098 759 2113 772 .
2159 713 2352 791 μέσος
2426 711 2498 773 δὲ
2554 710 2787 777 τούτων

501 820 788 901 ἐβάδιζεν
831 818 997 904 α’νῆρ
1042 818 1269 900 μείζων
1309 821 1689 902 τετράπηχυς
1732 817 1803 880 ἓν
1833 820 2093 905 τραγικῇ
2138 815 2432 880 διαθέσει
2478 822 2586 880 καὶ
2627 840 2789 900 προ-

503 929 744 1015 σώπῳ).
832 930 903 997 Si
984 929 1071 995 ad
1155 928 1350 994 talem
1434 926 1943 1011 magnitudinem
2029 928 2309 1013 corporis
2392 928 2788 1013 respicimus,

502 1058 746 1103 summa
790 1038 1081 1104 veritatis
1125 1037 1341 1121 specie
1385 1037 1675 1102 conicere
1718 1036 1870 1101 licet
1911 1036 2087 1101 illum
2136 1036 2481 1103 cothurnos
2506 1037 2788 1120 peraltos

502 1152 791 1229 gestasse
812 1146 881 1229 1).

673 1253 942 1319 Accedit
986 1254 1158 1337 quod
1203 1254 1427 1320 Polum
1473 1252 1943 1319 Aristodemum
1989 1253 2333 1338 Satyrum,
2401 1254 2788 1322 clarissimos

493 1361 638 1428 illos
685 1363 1044 1447 histriones,
1091 1362 1435 1429 cothurnos
1481 1368 1772 1445 gestasse
1822 1361 2145 1427 Lucianus
2179 1361 2375 1427 tradit
2419 1363 2592 1447 (Jup.
2625 1369 2789 1448 trag.

425 1538 428 1542 Α
501 1491 555 1536 c.
597 1472 678 1535 41
730 1521 745 1537 .
789 1520 804 1536 .
853 1521 868 1537 .
911 1471 1043 1554 ἤτοι
1094 1472 1327 1534 Πῶλον
1371 1474 1479 1533 καὶ
1500 1468 1947 1555 Ἀριστόδημον
2003 1474 2111 1532 καὶ
2156 1469 2446 1553 Σάτυρον
2490 1469 2789 1556 ἡγεῖσθαί

501 1595 570 1641 σε
615 1582 812 1654 θεοὺς
852 1580 1021 1643 εἶναι
1066 1579 1197 1644 τότε
1239 1582 1281 1663 ἢ
1323 1582 1399 1644 τοὶ
1458 1579 1779 1662 πρόσωπα
1839 1583 1965 1642 τῶν
2029 1583 2206 1643 θεῶν
2263 1579 2424 1647 αὐτοὶ
2484 1586 2593 1643 καὶ
2649 1582 2789 1657 τοὺς

500 1688 784 1769 ἕμβοῖτας
829 1693 934 1750 καὶ
977 1689 1120 1762 τοὺς
1163 1687 1463 1772 ποδήρεις
1505 1692 1774 1767 χιτῶνας
1818 1686 1966 1772 κτὲ).

675 1796 814 1875 Quo
873 1797 1081 1862 minus
1149 1796 1229 1862 de
1274 1802 1503 1862 ornatu
1548 1798 1878 1881 scaenic0,
1938 1816 2124 1880 quem
2184 1802 2378 1864 antea
2442 1817 2792 1884 usurpave-

504 1911 649 1971 runt
695 1906 1035 1971 histriones
1081 1927 1280 1990 usque
1325 1905 1410 1971 ad
1455 1905 1871 1991 Sophoclem,
1925 1904 2229 1970 traditum
2273 1911 2399 1990 est,
2459 1926 2536 1972 eo
2579 1908 2789 1991 magis

502 2016 858 2081 sententiae
904 2015 1377 2081 diversissimae
1422 2015 1502 2080 de
1546 2015 1918 2080 inventione
1963 2014 2223 2081 habitus
2269 2015 2353 2080 ad
2387 2020 2608 2081 nostra
2633 2023 2787 2083 tem-

501 2144 659 2208 pora
701 2129 1030 2189 venerunt.
1115 2124 1217 2190 Ita
1252 2123 1600 2189 secundum
1645 2124 1985 2189 nonnullos
2008 2124 2347 2208 scriptores
2370 2123 2717 2208 Sophocles
2737 2125 2788 2208 2)

499 2231 838 2297 cothurnos
897 2233 1222 2298 invenisse
1268 2232 1498 2298 dicitur
1545 2232 1840 2314 (Servius
1888 2232 1975 2297 ad
2019 2232 2260 2315 Vergil.
2305 2232 2463 2297 VIII
2504 2234 2640 2299 Ecl.
2688 2236 2790 2307 10.

501 2341 677 2407 ‘Sola
700 2341 1060 2425 Sophocleo
1106 2349 1218 2406 tua
1240 2342 1534 2406 ‘carmina
1579 2341 1779 2423 digna
1803 2342 2130 2406 cothurno'
2152 2341 2449 2407 adnotat:
2497 2342 2791 2409 cothurni

499 2470 679 2517 usum
737 2451 977 2535 primus
1035 2450 1386 2535 Sophocles
1451 2449 1518 2515 in
1585 2468 1889 2515 scaenam
1954 2449 2214 2529 intulit).
2302 2449 2482 2529 Quae
2550 2453 2788 2519 mentio

502 2560 640 2624 sine
687 2558 882 2623 dubio
928 2579 963 2623 e
1009 2557 1177 2623 falsa
1223 2559 1749 2642 interpretatione
1794 2557 2070 2641 Vergilii
2115 2564 2256 2623 orta
2300 2563 2415 2623 est.

671 2667 970 2749 Plerique
1014 2667 1355 2752 scriptores
1380 2673 1642 2732 ornatus
1684 2667 1965 2732 scaenici
2010 2667 2445 2733 inventionem
2467 2669 2788 2753 Aeschylo

497 2776 938 2841 attribuerunt.
1039 2775 1142 2840 Ita
1217 2776 1436 2841 Horat.
1500 2776 1570 2840 in
1638 2775 1770 2841 Art.
1836 2781 2006 2860 poet.
2072 2794 2167 2841 vs·
2225 2777 2372 2841 278.
2442 2778 2571 2842 279
2616 2778 2791 2845 ‘Post

499 2885 667 2950 hunc
713 2884 1052 2969 (Thespin)
1099 2904 1414 2969 personae
1452 2885 1794 2970 pallaeque
1830 2891 2120 2971 repertor
2158 2884 2464 2951 honestae
2508 2887 2789 2972 Aeschy-

498 2995 598 3059 lus
644 2998 708 3059 et
751 2992 1019 3058 modicis
1062 2993 1360 3059 instravit
1417 2994 1666 3079 pulpita
1724 2994 1921 3077 tignis
1961 2994 2045 3058 Et
2101 2993 2318 3059 docuit
2359 3014 2790 3079 magnumque

501 3102 672 3185 loqui
719 3100 963 3184 nitique
1008 3099 1430 3185 cothurno'3).
1476 3138 1544 3149 -
1598 3102 1917 3169 Personas
1962 3102 2287 3168 invenisse
2326 3100 2556 3169 dicitur
2596 3109 2791 3188 poeta

654 3430 705 3500 1)
743 3430 931 3485 Maass
970 3430 1197 3502 (Annali
1236 3430 1287 3484 d.
1325 3431 1504 3485 Instit.
1548 3434 1682 3485 1881
1724 3447 1776 3499 p.
1820 3432 1921 3484 115
1962 3431 2083 3484 adn.
2111 3430 2181 3500 ·1)
2218 3431 2361 3485 hanc
2397 3429 2675 3486 insolitam
2712 3432 2789 3486 al-

502 3523 790 3577 titudinem
846 3539 954 3577 non
1011 3523 1080 3577 ad
1132 3525 1429 3578 cothurnos
1482 3523 1825 3578 referendam
1882 3538 2002 3577 esse
2040 3530 2254 3591 censet,
2312 3530 2566 3591 respectu
2601 3524 2792 3578 habito

508 3616 578 3671 ad
616 3618 801 3685 Apoll.
838 3617 907 3684 Π,
946 3620 1014 3703 459
1064 3611 1124 3682 ἦν
1162 3617 1219 3670 δὲ
1267 3618 1582 3687 (Hercules)
1635 3617 1728 3670 καὶ
1774 3616 2071 3686 θεωρηθεὶς
2122 3616 2355 3686 φοβερός
2403 3614 2479 3669 ὅτι
2512 3619 2642 3677 παῖς
2671 3615 2795 3676 Διὸς

502 3704 563 3776 ’ἦν
600 3715 1013 3781 τετραπηχυαῖον
1046 3710 1149 3780 μὲν
1186 3713 1294 3781 εἶχε
1330 3711 1386 3762 τὸ
1422 3711 1619 3781 σῶμα).
1717 3709 1823 3764 Sed
1874 3708 1992 3763 fieri
2048 3725 2157 3763 non
2194 3715 2410 3776 potest,
2465 3716 2526 3763 ut
2574 3709 2632 3762 hi
2684 3709 2793 3764 loci

504 3806 649 3859 inter
688 3820 746 3858 se
784 3811 1182 3873 comparentur.
1277 3803 1419 3859 Nam
1460 3804 1642 3873 Apoll.
1683 3803 1750 3856 de
1786 3802 2043 3857 Herculis
2099 3801 2474 3870 magnitudine
2530 3801 2789 3870 loquitur,

505 3898 773 3967 quomodo
811 3897 868 3951 in
907 3900 1056 3951 cultu
1091 3897 1219 3952 ficta
1258 3899 1358 3965 sit,
1417 3898 1611 3953 Callix.
1669 3912 1798 3951 vero
1857 3895 1925 3950 de
1961 3896 2234 3950 histrione
2289 3895 2537 3964 quodam.
2623 3895 2791 3949 Ratio

505 3998 686 4045 autem
722 3991 867 4044 inter
902 3990 1028 4044 illos
1066 3991 1215 4045 locos
1253 3992 1389 4045 haec
1426 3997 1537 4045 est:
1596 3989 1793 4044 Graeci
1856 3987 1984 4056 quia
2020 3989 2217 4043 heroes
2270 3988 2479 4056 ingenti
2541 3986 2792 4054 corporis

504 4079 875 4147 magnitudine
925 4077 1094 4133 fuisse
1145 4079 1563 4146 existimabant,
1619 4077 1920 4132 histriones
1969 4094 2088 4131 cum
2140 4078 2423 4132 cothurnis
2459 4075 2793 4145 prodeuntes

505 4169 783 4237 fecerunt,
825 4177 885 4223 ut
924 4171 1126 4238 speciei
1163 4171 1381 4225 illorum
1417 4169 1876 4237 adaequarentur.
1972 4169 2145 4239 Quam
2198 4169 2368 4225 fuisse
2406 4183 2625 4223 causam
2661 4184 2794 4223 usus

403 4334 406 4338 ,
505 4263 917 4330 cothurnorum,
957 4263 1234 4332 expressis
1271 4263 1458 4328 verbis,
1489 4262 1766 4316 indicatur
1804 4278 1837 4316 a
1875 4262 2134 4318 Philostr.
2207 4263 2362 4333 (Vita
2398 4260 2583 4330 Apoll.
2610 4259 2791 4326 V1,11

504 4356 812 4425 ὀκρίβαντος
849 4357 906 4409 δὲ
943 4357 1060 4416 τοὺς
1099 4357 1382 4426 ὑποκριτὰς
1420 4355 1740 4425 ἀνεβίβασεν
1788 4356 1860 4417 ὥς
1912 4359 2000 4410 ἴσα
2037 4358 2251 4416 ἐκείνοις
2288 4355 2497 4426 (ἥρωσι)
2536 4359 2796 4421 ῥαίνοιεν.

645 4449 700 4519 2)
740 4450 823 4504 De
859 4450 1096 4518 crepidis
1134 4466 1167 4503 a
1205 4450 1474 4518 Sophocle
1510 4456 1715 4519 repert.
1754 4449 1819 4503 cf.
1859 4449 2018 4503 infra.

642 4546 696 4614 3)
736 4542 815 4597 Of.
854 4543 1122 4612 Porphyr.
1161 4542 1231 4596 ad
1266 4543 1321 4599 h.
1358 4544 1394 4599 l.
