3125 5000
1191 311 1615 375 „21—

255 491 529 551 tremam
572 476 817 571 partem
864 485 1095 571 capitis
1138 484 1319 570 tegit,
1362 505 1576 551 nonne
1621 503 1922 550 coronam
1965 485 2033 549 in
2078 484 2334 570 capite?
2399 486 2534 552 Nec

257 593 494 662 desunt
555 595 813 681 thyrsus
873 601 938 662 et
980 595 1304 678 cingulum
1319 639 1339 679 ,
1407 593 1523 660 sed
1603 593 2073 678 effingebantur
2129 594 2403 680 pessime
2445 595 2529 660 ab

253 703 520 770 artifice.
580 738 648 753 --

431 811 661 879 Omnia
725 830 893 896 quae
954 811 1167 878 adhuc
1232 812 1577 878 constituta
1619 818 1769 879 sunt
1811 831 1929 879 nos
1974 811 2236 895 docent,
2280 811 2364 876 ab
2407 811 2529 876 Ae·

252 919 480 1004 schylo
551 919 639 986 ad
703 928 989 986 extrema
1054 921 1148 986 rei
1214 920 1547 987 scaenicae
1608 921 1996 988 Graecorum
2074 928 2392 1005 tempora,
2463 920 2528 985 in

251 1046 500 1094 scaeua
540 1030 786 1096 Graeca
860 1028 1205 1095 cothurnos
1283 1034 1622 1114 usurpatos
1697 1048 1855 1096 esse.
1954 1029 2100 1109 Qua
2153 1048 2224 1095 re
2300 1026 2528 1094 consti-

248 1141 393 1203 tuta
435 1151 564 1203 non
610 1136 870 1203 difficile
913 1143 1010 1202 est
1052 1136 1336 1203 iudicare
1375 1136 1456 1202 de
1498 1137 1761 1222 picturis
1806 1138 2231 1222 Pompeianis,
2262 1157 2528 1221 quarum

251 1246 428 1312 aliae
501 1245 840 1312 histriones
911 1245 1191 1330 tragicos
1261 1265 1404 1311 cum
1461 1245 1786 1313 cothurnis
1850 1246 2020 1312 aliae
2090 1266 2231 1313 eum
2293 1246 2525 1313 calceis

251 1353 587 1439 (crepidis)
645 1354 831 1420 nobis
858 1336 863 1361 ⁵
888 1364 1038 1420 ante
1102 1354 1321 1420 oculos
1386 1361 1647 1438 ponunt.
1733 1355 1898 1422 Nam
1958 1375 2097 1421 cum
2185 1355 2525 1423 histriones

252 1463 529 1529 Romani
573 1463 913 1530 cothurnos
983 1483 1232 1530 summa
1299 1464 1432 1528 veri
1495 1464 1711 1549 specie
1770 1485 1897 1530 non
1956 1464 2368 1549 gestaverint,
2410 1464 2524 1531 sed

262 1573 491 1641 Graeci
538 1595 653 1658 per
696 1579 893 1639 totam
937 1573 1415 1658 antiquitatem,
1478 1574 1625 1639 illas
1683 1573 1768 1639 ad
1813 1593 2110 1640 scaenam
2152 1574 2524 1660 Romanam,

253 1681 374 1746 has
417 1680 505 1746 ad
547 1680 801 1746 fabulas
862 1681 1142 1747 Graecas
1212 1679 1581 1747 referendas
1651 1700 1791 1748 esse
1858 1688 1928 1748 ut
1968 1682 2108 1767 ipse
2152 1698 2524 1766 persuasum

254 1789 465 1855 habeo
510 1790 602 1854 ita
664 1808 765 1854 me
831 1790 1227 1873 persuasisse
1270 1809 1474 1874 spero.
1564 1789 1827 1855 Accedit
1877 1790 2045 1874 quod
2088 1809 2230 1856 cum
2276 1789 2524 1856 histrio·

250 1918 406 1964 num
450 1918 589 1964 cum
649 1897 975 1964 cothurnis
1036 1918 1349 1983 personae
1415 1898 1846 1984 respondeant
1908 1899 1992 1964 ad
2037 1898 2526 1985 descriptionem

251 2008 551 2092 Pollucis,
594 2007 711 2073 hoc
751 2007 1011 2073 minime
1056 2007 1185 2072 dici
1228 2014 1437 2092 potest
1480 2007 1560 2073 de
1618 2009 1908 2093 personis
1952 2015 2299 2075 ceterorum
2320 2010 2387 2093 ¹).

431 2115 772 2195 Quaeritur
840 2115 1074 2182 deinde
1139 2124 1344 2182 utrum
1413 2118 1538 2183 hae
1605 2130 1878 2184 scaenae
1923 2138 2063 2184 cum
2113 2117 2528 2186 histrionibus

248 2223 512 2291 Graecis
535 2224 924 2290 imitationes
945 2231 1190 2290 tantum
1219 2225 1348 2290 sint
1391 2226 1779 2310 picturarum
1817 2226 2194 2310 antiqu-ioris
2218 2226 2520 2311 temporis

254 2354 340 2401 an
384 2331 762 2398 referendae
807 2333 936 2398 sint
977 2332 1062 2397 ad
1108 2331 1365 2397 fabulas
1411 2333 1692 2399 Graecas
1736 2334 2033 2418 Pompeis
2088 2340 2284 2399 actas.
2374 2335 2524 2401 Jam

245 2443 404 2510 satis
447 2447 734 2525 constat,
811 2442 1151 2508 histriones
1193 2442 1475 2509 Graecos
1529 2443 1903 2529 saepissime
1965 2442 2139 2528 apud
2197 2443 2522 2510 Romanos

243 2551 498 2617 fabulas
572 2552 815 2635 egisse,
890 2553 1232 2636 praecipue
1300 2554 1365 2617 in
1424 2554 1686 2622 urbibus
1730 2553 2144 2639 Campaniae.
2230 2553 2372 2633 Qua
2434 2552 2520 2619 de

244 2678 441 2723 causa
484 2659 716 2723 Brutus
774 2678 889 2723 suo
961 2665 1247 2743 tempore
1310 2661 1375 2725 in
1420 2660 1841 2745 Campaniam
1910 2660 2229 2745 profectus
2287 2669 2401 2745 est,
2446 2666 2515 2725 ut

243 2765 585 2831 histriones
628 2765 910 2832 Graecos
953 2766 1038 2831 ad
1080 2765 1264 2832 ludos
1306 2788 1454 2833 suos
1499 2767 1825 2851 colligeret
1846 2767 1917 2854 2).

419 2874 625 2953 Quam
671 2875 750 2940 ob
798 2895 930 2940 rem
974 2875 1134 2940 nihil
1189 2875 1494 2960 impedit,
1561 2877 1714 2960 quin
1778 2877 2061 2962 picturas
2118 2876 2203 2942 ad
2261 2877 2516 2943 fabulas

246 2984 527 3050 Graecas
575 2982 798 3049 eodem
855 2989 1140 3068 tempore
1184 2984 1482 3070 Pompeis
1538 2985 1812 3069 aliisque
1870 2987 1939 3051 in
2004 2986 2265 3051 urbibus
2327 2985 2511 3051 Cam—

241 3094 474 3178 paniae
519 3099 700 3158 actas
743 3092 1114 3159 referamus.
1200 3094 1446 3160 Tamen
1478 3114 1612 3178 eas,
1655 3095 1907 3161 etiamsi
1951 3115 2077 3160 non
2120 3095 2510 3162 imitationes

387 3359 443 3429 1)
477 3359 562 3413 De
597 3360 847 3428 personis
884 3357 1030 3413 infra
1068 3358 1343 3426 copiosius
1384 3371 1621 3427 agemus.

387 3450 445 3518 2)
483 3448 561 3503 Of.
598 3450 740 3504 Plut.
793 3449 947 3503 Brut.
1004 3464 1049 3502 e.
1089 3452 1153 3501 21
1198 3479 1259 3488 —
1302 3447 1478 3503 Ceter.
1526 3447 1595 3501 cf.
1646 3447 1713 3503 de
1769 3448 1911 3504 ludis
1961 3449 2186 3505 Graecis
2242 3450 2350 3506 Cic.
2403 3469 2505 3520 pro

247 3540 413 3593 Arch.
451 3541 501 3606 5,
546 3541 625 3593 10.
664 3539 852 3609 Polyb.
886 3538 1059 3605 XXX,
1102 3541 1184 3593 13.
1221 3538 1455 3606 Sueten,
1511 3539 1665 3593 Caes.
1703 3556 1748 3593 c.
1786 3542 1871 3593 39.
1935 3540 2043 3595 Cic.
2093 3541 2164 3594 ad
2211 3540 2338 3595 fam.
2387 3543 2506 3611 VII,

248 3631 291 3683 l.
329 3631 378 3695 3,
417 3627 487 3682 ad
510 3628 676 3681 Attic.
702 3628 846 3696 XVI,
884 3630 933 3682 5.
959 3630 1006 3682 1.
1043 3655 1110 3668 -
1151 3626 1411 3695 Quaestio
1449 3626 1769 3683 difficillime
1804 3628 2153 3685 diiudicanda
2188 3637 2288 3698 est,
2327 3639 2507 3686 utrum

238 3720 293 3772 in
330 3717 476 3772 ludis
503 3716 726 3773 Graecis
750 3725 900 3772 totae
927 3717 1147 3772 fabulae
1183 3725 1475 3785 agerentur
1513 3718 1606 3785 (W
1608 3719 1807 3786 elcker,
1835 3718 1933 3785 Gr.
1949 3719 2042 3774 Tr.
2060 3733 2113 3789 p.
2152 3724 2506 3795 1323.1329.)

237 3823 305 3862 an
341 3806 638 3862 nonnullae
674 3814 860 3875 partes
898 3807 936 3878 (‘
953 3807 1315 3861 declamirond
1366 3806 1496 3858 oder
1543 3808 1772 3877 sinyend
1805 3826 1901 3861 zur
1941 3808 2097 3862 Flete
2134 3812 2514 3882 voryetraqen.’

237 3897 560 3965 Mommsen,
609 3895 764 3951 Rom.
811 3895 1004 3951 Gesch.
1059 3897 1157 3964 111,
1195 3896 1219 3929 ⁶
1271 3913 1324 3965 p.
1363 3899 1468 3951 629
1505 3897 1597 3966 A).
1670 3898 2052 3955 Demonstrari
2104 3907 2288 3969 potest
2353 3905 2511 3976 nihil,

238 3986 328 4041 sed
361 3986 711 4041 verisimilius
748 3986 879 4039 mihi
917 3985 1131 4039 videtur
1166 3986 1309 4054 quod
1346 3986 1669 4041 Welckerus
1720 3990 1946 4043 censuit.
2035 3990 2178 4046 Nam
2218 3992 2266 4046 si
2303 3993 2410 4048 Cic.
2447 3996 2506 4051 in

241 4076 388 4130 Caec.
425 4075 543 4143 XV,
589 4078 659 4130 48
706 4076 1005 4131 histriones
1043 4075 1283 4131 Graecos
1333 4084 1387 4132 et
1439 4077 1718 4133 Romanos
1756 4079 1901 4148 inter
1936 4095 1996 4134 se
2033 4096 2355 4150 comparans
2393 4085 2501 4141 ait:

237 4168 311 4217 ‘ut
343 4166 400 4218 in
436 4166 704 4219 actoribus
745 4167 967 4219 Graecis
994 4167 1138 4236 fieri
1181 4167 1452 4238 videmus,
1488 4186 1644 4237 saepe
1690 4168 1840 4222 illum
1885 4171 1982 4239 qui
2029 4177 2108 4224 est
2153 4174 2510 4229 secundarum

237 4261 328 4308 aut
363 4258 641 4309 tertiarum
667 4257 946 4325 partium,
1005 4274 1171 4326 quum
1211 4258 1385 4326 possit
1428 4258 1700 4327 aliquanto
1750 4260 1950 4313 clarius
1986 4260 2160 4313 dicere
2197 4279 2357 4331 quam
2393 4266 2504 4334 ipse

235 4346 548 4415 primarum,
592 4347 821 4399 multum
855 4347 1185 4412 submittere,
1248 4352 1311 4400 ut
1360 4347 1448 4400 ille
1499 4348 1752 4418 princeps
1793 4367 1953 4419 quam
1990 4352 2218 4404 maxime
2256 4356 2501 4408 excellat’

236 4433 398 4501 magis
435 4434 503 4487 de
538 4435 675 4489 totis
709 4433 913 4490 fabulis
947 4435 1171 4503 agendis
1209 4452 1370 4504 quam
1406 4436 1473 4491 de
1510 4438 1725 4493 actione
1753 4438 1931 4507 partis
1967 4437 2185 4495 fabulae
2222 4441 2502 4497 cuiusdam

238 4522 477 4590 cogitem.
996 4529 999 4530 ’
