3125 5000
1513 346 1942 410 ...30-

583 519 801 602 ιοξήρη
847 525 1145 600 φρουράς
1205 513 1503 600 ὁπλίσας)
1528 516 1599 600 ¹).
1687 518 1898 582 Etiam
1958 519 2107 602 Ion,
2174 517 2472 584 sacerdos
2537 516 2872 603 Apollinis,

579 649 799 694 arcum
843 627 966 692 fert
1007 625 1075 690 in
1119 626 1268 691 Eur.
1313 625 1448 690 Ion.
1495 627 1616 710 (vs.
1668 629 1809 694 108.
1860 628 2000 694 158.
2051 630 2224 713 164).

750 735 1094 801 Mercurius
1141 753 1335 799 manu
1378 741 1551 799 tenet
1593 739 1924 817 κηρύκειον
1944 736 2016 819 ²).

745 845 1031 909 Bacchus
1067 851 1130 906 et
1160 842 1422 907 comites
1468 844 1604 907 cius
1668 844 1734 907 in
1779 845 1929 909 Eur.
1980 845 2218 910 Bacch.
2266 851 2528 929 gestant
2572 842 2861 927 thyrsum

579 958 697 1035 (νε.
739 952 868 1017 495
911 951 1135 1016 Penth.
1178 948 1264 1014 ad
1309 950 1545 1015 Bacch.
1589 952 1823 1013 (ἔπειτα
1893 953 2143 1034 θύρσον
2206 952 2388 1015 τόνδε
2453 950 2747 1032 παράδος
2791 949 2861 1013 ἐκ

577 1061 820 1140 χεροῖν.
912 1059 1010 1123 De
1055 1058 1256 1123 Til-es.
1301 1057 1381 1123 cf.
1427 1079 1522 1124 vs.
1547 1060 1678 1123 250
1708 1061 1988 1144 νάρθηκι
2014 1059 2397 1141 βακχεύοντ’,
2445 1059 2525 1126 de
2559 1058 2861 1142 Pentheo,

579 1169 684 1252 qui
713 1167 1003 1233 Bacchas
1034 1168 1335 1249 imitatur,
1381 1166 1462 1231 cf.
1487 1188 1580 1232 vs.
1604 1169 1729 1232 835
1756 1166 2005 1251 θύρσον
2046 1194 2115 1245 γε
2159 1173 2316 1250 χειρὶ
2353 1172 2479 1251 -).
2522 1168 2721 1233 Porro
2767 1167 2861 1233 illi

575 1275 778 1342 induti
845 1282 993 1341 sunt
1058 1276 1309 1341 variata
1369 1276 1635 1342 nebride
1696 1279 1816 1360 (vs.
1860 1278 2007 1342 249.
2074 1279 2164 1340 ‘iv
2227 1277 2578 1341 ποικίλαισι
2624 1278 2859 1360 νεβρίσι

585 1385 911 1465 Τειρεσίαν
971 1380 1140 1464 deff.
1201 1402 1293 1449 vs.
1349 1384 1476 1449 835
1542 1383 1622 1450 de
1679 1385 1963 1451 Pentheo
2026 1388 2272 1469 (νεβροῦ
2320 1386 2559 1449 στικτὸν
2606 1384 2859 1469 δέρας’).

580 1492 805 1558 Orines
849 1492 1038 1557 cincti
1084 1498 1268 1555 erant
1318 1492 1506 1556 mitra
1551 1494 1672 1576 (vs.
1712 1494 1837 1559 833
1883 1495 2115 1560 Bacch.
2159 1495 2243 1561 ad
2270 1495 2493 1560 Penth.
2537 1494 2645 1557 ἐπὶ
2686 1495 2859 1575 κάρα

576 1602 803 1664 δ’ἔσται
843 1602 1058 1685 μίτρα)
1081 1598 1152 1684 3).
1241 1599 1430 1686 Apud
1477 1601 1787 1668 Cadmum
1833 1611 1897 1668 et
1928 1605 2241 1669 Tiresiam
2287 1612 2858 1673 commemorantur

574 1731 846 1801 coronae
908 1710 1304 1774 hederaceae
1375 1708 1495 1795 (vs.
1542 1713 1696 1776 177⁴
1736 1716 2093 1794 στεφανοῦν
2151 1736 2211 1774 τε
2273 1718 2474 1796 κρᾶτα
2557 1715 2857 1785 κισσίνοις

569 1817 1047 1901 βλαστήμασιν).
1083 1819 1305 1884 Postre
1322 1840 1423 1883 mo
1441 1819 1669 1885 chorus
1690 1828 1942 1905 praeter
1963 1822 2217 1906 thyrsos
2239 1829 2549 1907 tympana
2565 1830 2854 1905 gestasse

583 1928 853 1993 videtur.
939 1929 1103 1993 Nam
1136 1948 1228 1992 vs.
1259 1928 1343 1993 59
1370 1928 1603 1993 Bacch.
1636 1928 1807 1994 chor.
1854 1930 2120 1998 acclam.
2166 1931 2451 2011 (αἴρεσθε
2493 1929 2858 2013 τύπανα’4).

739 2038 1075 2103 Thanatus
1121 2036 1408 2120 gladium
1452 2058 1668 2103 secum
1713 2038 1857 2103 tulit
1900 2041 1966 2103 in
1992 2040 2143 2104 Eur.
2172 2040 2308 2106 Alc.
2355 2043 2476 2123 (vs.
2511 2041 2595 2104 74
2638 2041 2853 2119 στείχω

573 2147 733 2212 δ’ἐπ’
781 2145 999 2228 αὐτήν,
1047 2141 1134 2217 ὥς
1180 2146 1590 2226 κατάρξωμαι
1636 2146 1834 2232 ξίφει)
1850 2145 1923 2231 ⁵).

746 2257 845 2320 De
890 2253 1122 2338 aegide
1167 2242 1496 2320 Minervae
1540 2256 1670 2321 iam
1714 2276 1909 2341 supra
1954 2264 2043 2341 (p.
2088 2257 2201 2342 27)
2245 2256 2481 2322 dictum
2526 2263 2643 2322 est.

744 2364 1018 2446 Erinyes
1065 2384 1205 2428 cum
1265 2363 1473 2429 taedis
1531 2384 1831 2430 scaenam
1875 2364 2332 2430 ascendebant.
2419 2365 2604 2445 Quod
2649 2365 2853 2430 elucet

569 2495 649 2540 ex
695 2473 1142 2557 Aristophanis
1185 2472 1353 2538 Plut.
1396 2492 1490 2538 vs.
1532 2473 1663 2539 423
1707 2473 1989 2559 Blepsid.
2060 2476 2229 2549 ιἴσως
2267 2475 2505 2555 Ἐρινύς
2570 2473 2736 2537 ἐστιν
2779 2473 2850 2536 ἐκ

566 2581 939 2664 τραγῳδίας.
1028 2580 1275 2647 Chrem.
1319 2578 1478 2642 ιἀλλ’
1523 2581 1640 2643 οὐκ
1686 2582 1811 2660 ἔχει
1851 2583 1975 2663 γὰρ
2022 2582 2341 2670 δᾷδας’6).

739 2691 808 2769 2)
854 2690 1144 2772 Reges
1231 2689 1479 2772 Regum
1521 2690 1807 2773 insignia
1850 2689 2106 2758 fuerunt
2151 2700 2424 2776 sceptra,
2475 2692 2847 2776 quibuscum

495 2830 503 2836 -
568 2799 912 2884 prodeunt:
958 2798 1187 2863 Peleus
1231 2798 1299 2861 in
1344 2798 1493 2863 Eur.
1542 2799 1737 2863 Andr.
1782 2805 1901 2883 (νε.
1935 2801 2064 2866 588
2085 2801 2219 2865 Pel.
2241 2801 2325 2865 ad
2348 2801 2514 2866 Men.
2540 2799 2847 2886 (σκήπτρῳ

570 2907 641 2969 δὲ
687 2906 845 2990 τῷδε
889 2910 1002 2968 σὸν
1048 2906 1445 2987 καθαιμάξω
1479 2907 1716 2991 κάρα)
1807 2908 2171 2974 Secundum
2199 2909 2394 2975 schol.
2417 2910 2500 2974 ad
2525 2909 2848 2995 Aristoph.

566 3019 736 3081 Aves
783 3016 966 3099 (513)
1012 3016 1079 3080 in
1124 3025 1374 3099 sceptro
1422 3035 1643 3098 regum
1689 3017 1908 3099 aquila
1955 3018 2073 3082 fuit
2097 3018 2196 3102 (ἐν
2216 3019 2339 3101 γὰρ
2367 3028 2493 3091 τοῖς
2515 3020 2847 3102 σκήπτροις

568 3127 691 3187 τῶν
734 3124 1052 3203 βασιλέων
1096 3120 1172 3207 ἦν
1218 3123 1517 3208 αἐτός)”).
1574 3162 1642 3172 -
1697 3125 1945 3191 Dareus
1988 3146 2104 3192 rex
2132 3163 2213 3174 -
2238 3134 2305 3191 ut
2348 3125 2470 3191 fuit
2513 3148 2650 3194 mos
2693 3127 2841 3193 Per·

562 3254 777 3300 sarum
822 3268 905 3281 —-
949 3236 1016 3299 in
1058 3233 1361 3317 Aeschyli
1418 3234 1633 3299 Persis
1695 3234 1928 3299 tiaram
1986 3235 2052 3300 in
2124 3236 2333 3320 capite
2393 3237 2692 3319 gestabat
2735 3236 2839 3322 (cf.

560 3364 652 3409 νε.
696 3343 841 3407 661.
903 3342 1089 3409 Chor.
1149 3342 1469 3428 supplicat
1531 3343 1671 3425 regi
1723 3349 2006 3426 mortuo,
2089 3350 2157 3410 ut
2216 3344 2434 3409 veniat
2499 3344 2838 3423 (βασιλείου

559 3451 781 3531 τιάρας
826 3449 1166 3531 φαλακρον
1211 3448 1702 3535 πιφαύσκων’8).

717 3674 770 3743 1)
806 3675 945 3728 Poll.
984 3674 1078 3742 IV,
1120 3675 1236 3729 117.
1276 3676 1398 3735 τόξα
1434 3674 1528 3728 καὶ
1563 3678 1817 3745 φαρέτρα.
1883 3695 1895 3703 ‘

715 3763 773 3833 2)
811 3763 950 3818 Poll.
989 3765 1024 3818 l.
1062 3781 1111 3818 a.
1150 3765 1415 3835 κηρύκεια.
1490 3766 1659 3820 Wies.
1697 3765 1764 3819 D.
1805 3764 1855 3819 d.
1891 3764 1957 3819 B.
1996 3763 2115 3833 VH,
2153 3766 2202 3819 5.

713 3853 769 3921 3)
807 3852 945 3906 Poll.
984 3840 1021 3906 l.
1059 3869 1107 3906 a.
1143 3856 1326 3924 μίτρα.

706 3942 762 4011 4)
798 3941 1034 3997 Uberius
1072 3940 1155 3994 ‘de
1204 3958 1560 4010 personarum
1614 3943 1671 3997 in
1708 3941 1960 4012 Euripid.
1998 3941 2272 3997 Bacchab.
2322 3942 2515 3997 habitu
2572 3944 2840 3999 scaenico²

559 4035 782 4103 scripsit
817 4035 1075 4090 Schoene.
1148 4034 1373 4103 Lipsiae
1412 4038 1567 4090 1831.

704 4126 758 4195 5)
798 4125 876 4179 Cf.
917 4142 1003 4193 op.
1045 4125 1178 4179 cael.
1204 4126 1432 4179 column.
1462 4124 1672 4193 Ephesi
1706 4131 1944 4192 repert.:
1981 4123 2208 4192 Robert‚
2248 4127 2334 4179 39.
2370 4124 2841 4182 Winckelmanns·

555 4231 739 4286 progr.
782 4216 935 4268 1879.

699 4302 755 4371 6)
791 4302 960 4356 Wies.
1000 4301 1066 4355 D.
1104 4302 1153 4356 d.
1193 4303 1254 4356 B.
1292 4303 1411 4370 VII,
1454 4307 1500 4356 1.

700 4391 755 4457 7)
792 4391 1020 4459 Saepius
1088 4392 1142 4443 in
1197 4407 1447 4446 vasorum
1500 4391 1730 4458 picturis
1770 4388 2064 4459 (Gerhard‚
2122 4388 2336 4443 Auserl.
2373 4388 2503 4444 Vae.
2543 4390 2678 4446 Tab.
2716 4390 2836 4459 VH,

447 4463 457 4472 '
556 4480 736 4547 cem,
775 4479 899 4533 ces.
936 4479 1072 4532 Abh.
1111 4480 1280 4550 XIX).
1324 4509 1385 4521 -
1420 4480 1558 4534 Pon.
1597 4480 1632 4532 1.
1671 4494 1720 4533 a.
1762 4480 2011 4546 σκῆπτρα.

696 4570 754 4639 8)
790 4569 931 4623 Poll.
965 4570 1002 4622 l.
1042 4584 1092 4623 a.
1129 4572 1304 4638 τιάρα.
