3125 5000
1236 322 1673 387 ..23—

296 502 412 563 aut
455 493 890 560 fraudulenter
911 491 1145 558 nostris
1172 492 1564 578 temporibus
1586 491 1823 556 factam
1855 497 1967 556 aut
1996 491 2414 557 imitationem
2438 511 2579 558 esse

297 604 605 690 imaginis
647 622 905 689 prorsus
950 622 1077 669 non
1120 600 1484 670 intellectae
1529 601 1836 685 suspicor.
1920 601 2067 667 Non
2134 598 2276 683 dico
2337 601 2418 665 de
2462 600 2577 666 mi-

302 715 488 781 rabili
535 712 748 799 specie
809 711 1294 794 cothurnorum,
1351 710 1698 795 praecipue
1740 707 2121 774 monendum
2181 715 2278 775 est
2319 709 2577 775 chorum

300 824 507 908 ipsum
553 820 895 887 cothurnos
939 826 1009 885 ut
1051 825 1307 969 ceteros
1339 818 1681 884 histriones
1726 824 2001 902 gestare.
2020 817 2070 904 ¹)
2114 854 2198 866 —

1174 1129 1362 1185 PARS
1400 1127 1720 1185 ALTERA.

1125 1259 1265 1342 DE
1327 1254 1755 1341 HABITU

296 1430 368 1512 I.
477 1428 920 1527 Aeschyli,
976 1425 1457 1528 Sophoclis,
1510 1421 1956 1524 Euripidis
2015 1422 2573 1525 temporibus.

471 1579 786 1662 Repetere
832 1576 980 1642 nolo
1026 1573 1196 1658 quod
1241 1580 1433 1639 antea
1492 1572 1864 1640 recensione
1924 1569 2193 1638 fontium
2237 1570 2569 1656 indagavi·

297 1707 437 1753 mus
488 1687 567 1752 de
625 1686 827 1750 initiis
881 1683 1136 1749 habitus
1182 1683 1463 1748 scaenici
1521 1701 1720 1765 usque
1784 1679 1868 1746 ad
1927 1687 2216 1765 tempora
2257 1680 2576 1764 Aeschyli.

296 1794 535 1861 Omnes
587 1813 739 1858 vero
784 1792 1124 1877 scriptores
1168 1791 1569 1873 antiquitatis
1616 1810 1695 1855 ea
1739 1791 1803 1854 in
1849 1809 1918 1855 re
1944 1789 2363 1873 consentiunt,
2405 1789 2572 1875 quod

301 1902 671 1986 Aeschylus,
718 1920 881 1984 quae
925 1900 1173 1986 species
1220 1906 1481 1965 ornatus
1538 1900 1605 1964 in
1649 1898 2014 1965 universum
2056 1918 2171 1983 per
2214 1904 2414 1964 totam
2460 1918 2573 1964 an-

296 2012 653 2095 tiquitatem
728 2010 968 2093 valuit,
1048 2008 1462 2074 histrionibus
1539 2008 1733 2074 dedit.
1819 2009 2062 2073 Tamen
2124 2008 2447 2074 nonnullis
2509 2009 2578 2075 in

300 2121 489 2186 rebus
533 2119 867 2204 paullatim
914 2125 1266 2204 apparatus
1328 2117 1660 2183 scaenicus
1719 2116 1857 2182 sine
1901 2116 2095 2181 dubio
2141 2123 2416 2182 mutatus
2461 2124 2575 2185 est.

299 2230 473 2309 Quas
517 2229 899 2294 mutationes
947 2231 1253 2311 quantum
1307 2226 1449 2292 fieri
1490 2231 1703 2310 potest
1742 2225 2136 2307 investigare
2180 2220 2569 2293 conabimur.

471 2340 711 2404 Fontes
756 2337 841 2403 ad
900 2334 1409 2420 cognoscendum
1474 2334 1813 2419 Aeschyli,
1858 2334 2212 2419 Sophoclis,
2251 2335 2602 2421 Euripidis.

296 2448 688 2534 temporibus
735 2445 1023 2512 habitum
1070 2444 1431 2512 scaenicum
1478 2450 1627 2511 sunt
1686 2442 1923 2528 singuli
1966 2442 2091 2509 loci
2136 2441 2271 2509 fere
2315 2442 2435 2509 soli
2477 2442 2569 2509 fa-

292 2558 464 2624 bulis
527 2561 859 2641 poetarum
944 2554 1103 2639 ipsis
1176 2554 1417 2620 inserti.
1527 2555 1861 2639 Perpauca
1920 2559 2167 2618 tantum
2223 2572 2259 2618 e
2321 2553 2578 2618 Polluce

295 2666 376 2732 de
421 2665 546 2732 hac
587 2685 656 2730 re
701 2662 1138 2748 comperimus.

1163 2814 1230 2880 1.
1318 2811 1699 2879 Personae.

1196 2967 1258 3012 a.
1303 2945 1681 3030 Aeschylus.

465 3072 550 3137 Io
592 3072 661 3136 in
707 3070 1007 3152 Aeschyli
1053 3069 1432 3136 Prometheo
1487 3086 1765 3153 persona
1807 3065 2032 3132 induta
2076 3073 2215 3134 erat
2254 3088 2394 3134 cum
2439 3089 2573 3136 cor·
2635 3151 2642 3156 ι

288 3182 498 3249 nibus,
585 3180 863 3248 Vocatur
932 3181 1102 3247 enim
1165 3181 1350 3264 virgo
1423 3180 1742 3258 βουκέρως
1802 3179 1923 3261 (vs.
1966 3177 2123 3262 588)
2181 3184 2246 3244 et
2289 3180 2570 3261 κεραστίς
2643 3221 2648 3228 -

432 3367 487 3436 1)
526 3365 719 3421 Cetera
752 3381 883 3420 vero
918 3371 1282 3433 monumenta,
1320 3380 1459 3434 quae
1495 3364 1565 3419 ad
1606 3379 1722 3418 rem
1759 3365 2065 3420 scaenicam
2102 3371 2370 3434 spectant,
2405 3367 2561 3421 mitto

287 3455 378 3510 hic
414 3470 746 3522 enumerare,
784 3455 913 3523 quia
953 3455 1175 3511 minoris
1213 3454 1467 3508 momenti
1505 3460 1632 3508 sunt
1668 3453 1948 3522 neque-ad
1983 3453 2039 3507 id
2076 3453 2217 3521 quod
2243 3454 2400 3509 nobis
2438 3471 2562 3523 pro-

285 3544 565 3614 posuimus
602 3544 800 3597 valent.
841 3576 902 3583 —
947 3544 1051 3598 Sed
1090 3551 1248 3598 erunt
1286 3544 1378 3612 qui
1416 3543 1706 3611 mirentur,
1745 3542 1888 3611 quod
1923 3558 2150 3611 prorsus
2184 3545 2333 3598 tacui
2370 3544 2437 3598 de
2471 3559 2560 3598 va-

287 3649 471 3690 sorum
505 3632 753 3700 picturis.
827 3633 1032 3688 Tamen
1052 3632 1327 3688 Genellius
1364 3632 1582 3702 (Theat.
1622 3650 1666 3685 z.
1696 3632 1850 3703 Ath.)
1886 3640 1940 3686 et
1959 3633 2106 3686 Jahn
2144 3631 2389 3702 (Einleit.
2414 3634 2471 3687 in
2508 3635 2559 3691 d.

283 3720 656 3777 Vasenmaler.
693 3737 746 3789 p.
789 3722 1040 3777 CXXVII
1075 3723 1248 3791 seqq.)
1294 3721 1794 3776 animadverterunt
1811 3763 1824 3789 ,
1875 3737 2033 3790 quem
2067 3721 2313 3777 habitum
2348 3723 2406 3778 in
2443 3741 2561 3781 vas-

283 3813 528 3869 culorum
564 3811 798 3878 picturis
851 3811 1178 3879 invenimus,
1234 3812 1454 3880 saepius
1491 3809 1823 3877 respondere
1860 3810 2072 3864 habitui
2108 3812 2372 3867 scaenica
2443 3814 2563 3870 Mo-

281 3906 539 3955 numenta
575 3905 758 3953 autem
796 3899 951 3967 artis,
990 3914 1127 3968 quae
1164 3898 1234 3953 ad
1272 3914 1387 3953 rem
1412 3898 1721 3953 scaenicam
1758 3904 2026 3966 spectant,
2065 3900 2310 3966 angustis
2346 3908 2557 3957 tantum

280 3989 478 4044 finibus
515 3989 756 4044 coerceri
795 3989 937 4044 hanc
975 3988 1407 4056 similitudinem,
1467 4005 1565 4042 nos
1608 3987 1922 4042 docuerunt.
1996 3987 2201 4043 Tamen
2238 3990 2466 4058 singulis
2502 3993 2558 4046 in

281 4080 442 4134 rebus
498 4086 751 4135 ornatum
801 4079 860 4133 in
909 4079 1019 4133 illis
1069 4079 1301 4147 picturis
1352 4077 1589 4133 effictum
1626 4077 1865 4145 pendere
1901 4092 1968 4131 ex
2003 4077 2196 4132 habitu
2229 4079 2555 4135 histrionum

281 4169 470 4236 negari
511 4185 621 4223 non
669 4175 868 4238 potest.
950 4168 1253 4237 Praecipue
1315 4168 1420 4223 hoc
1471 4167 1616 4222 valet
1668 4167 1734 4222 de
1788 4167 2090 4234 insignibus
2143 4168 2382 4238 (sceptro
2433 4187 2555 4225 cum

234 4261 237 4264 '
281 4257 466 4325 aquila
482 4299 495 4324 ‚
553 4275 755 4314 corona
792 4258 962 4328 cett.)‚
1001 4259 1269 4314 interdum
1307 4259 1372 4315 de
1396 4258 1657 4315 vestibus.
1729 4258 1794 4311 In
1817 4258 2131 4312 memoriam
2150 4273 2341 4314 revoco
2377 4268 2555 4317 vestes

280 4345 637 4401 Eumenidum
687 4355 742 4403 et
781 4378 847 4389 -
887 4348 1087 4403 addere
1136 4349 1266 4403 licet
1306 4379 1367 4389 —
1420 4348 1876 4416 paedagogorum.
1949 4346 2211 4402 Habitum
2263 4348 2554 4404 Persarum

280 4437 338 4490 in
388 4451 642 4491 vasorum
694 4438 924 4505 picturis
987 4444 1114 4506 post
1182 4438 1348 4505 quint.
1407 4452 1547 4490 saec.
1605 4453 1656 4490 a.
1695 4435 1790 4490 Ch.
1846 4453 1899 4490 n.
1950 4436 2281 4506 respondere
2335 4440 2552 4494 ornatui

283 4524 557 4592 scaenico,
610 4525 859 4593 suspicor
876 4566 890 4593 ‚
927 4524 1023 4581 sed
1062 4524 1359 4580 diiudicare
1396 4539 1504 4579 non
1541 4523 1731 4580 audeo.
1770 4555 1838 4566 —
