3125 5000
1222 339 1651 401 ...11-

289 512 358 578 in
434 511 713 576 Euanth.
775 515 1184 575 commentar.
1253 508 1333 573 de
1407 516 1570 592 trag.
1650 515 1714 573 et
1779 509 2008 594 com.¹)
2062 547 2133 558 -
2228 510 2588 575 Secundum

294 620 690 686 Athenaeum
742 617 936 683 decus
976 624 1042 682 et
1087 617 1467 700 dignitatem
1515 617 1773 681 habitus
1815 615 2069 681 induxit
2108 619 2187 701 (I,
2223 619 2302 682 21
2353 618 2592 697 Αἰσχύ-

295 726 405 800 λος
447 725 655 808 ἐξεῦρε
699 725 810 809 τὴν
853 727 959 806 τῆς
1003 723 1222 807 στολῆς
1272 722 1673 804 εὐπρέπειαν
1716 726 1822 784 καὶ
1866 724 2267 808 σεμνότητα).
2312 763 2395 775 --
2442 725 2589 790 Phi·

295 836 561 901 lostrato
607 839 864 899 auctore
909 831 1248 898 cothurnos
1315 831 1563 898 invenit
1622 837 1686 895 et
1730 831 2145 897 histrionibus
2186 839 2434 898 *vestem
2481 833 2591 898 he·

291 944 511 1010 roihus
567 941 671 1007 vel
739 940 1109 1007 heroidibus
1175 947 1391 1025 aptam
1453 938 1633 1030 dedit
1694 939 2041 1023 (Αἰσχύλος
2071 989 2087 1006 .
2121 988 2133 1001 .
2172 990 2185 1005 .
2221 938 2590 1021 ὄκρίβαντος

292 1050 366 1114 δὲ
410 1055 555 1124 τούς
597 1049 945 1134 ὑποκριτὰς
987 1045 1397 1129 ἀνεβίβασεν,
1458 1046 1544 1122 ὥς
1587 1052 1698 1110 ἴσα
1742 1047 2004 1121 ἐκείνοις
2046 1050 2349 1127 βαίνοιεν,
2397 1039 2591 1131 ἐσθή-

303 1163 461 1242 μασί
503 1181 565 1222 τε
608 1161 857 1242 πρῶτος
898 1157 1243 1241 ἐκόσμησεν
1287 1158 1332 1219 δι’
1399 1158 1776 1242 πρόσφορον
1835 1155 2035 1239 ἥρωσί
2076 1179 2138 1219 τε
2182 1161 2287 1218 καὶ
2333 1154 2591 1240 ἦρωΐσιν

294 1268 654 1353 ἧσθῆσθαι.
741 1267 939 1351 Phil.‚
985 1267 1108 1332 Vit.
1153 1267 1360 1350 Apoll.
1408 1266 1516 1331 VI.
1565 1266 1664 1330 11.
1710 1264 1804 1330 Of.
1848 1266 1971 1330 Vit.
2025 1264 2306 1350 Sophist.
2349 1266 2400 1350 Ι,
2432 1268 2492 1350 9,
2533 1266 2591 1330 1·

295 1378 606 1443 Themist.
673 1397 732 1461 p.
798 1376 926 1440 316
974 1374 1015 1439 f.
1075 1373 1394 1453 Αἰσχύλος
1460 1374 1532 1436 δὲ
1594 1368 1797 1460 (εὗρε)
1863 1376 2067 1453 τρίτον
2106 1369 2445 1456 ὑποκριτὴν
2489 1365 2597 1435 καὶ

298 1481 698 1565 ὄκρίβαντας.
786 1480 1021 1546 Suidas
1074 1500 1125 1545 s.
1151 1500 1212 1544 v.
1275 1475 1619 1557 Αἰσχύλος·
1666 1473 1841 1550 οὗτος
1884 1480 2130 1560 πρῶτος
2170 1474 2312 1559 εὗρε
2336 1527 2349 1542 .
2374 1527 2388 1541 .
2415 1486 2591 1550 ,ταῖς

298 1589 609 1672 ἀρβύλαις
627 1587 678 1672 2)
755 1598 882 1660 τοῖς
961 1586 1377 1668 καλουμένοις
1457 1586 1765 1666 ἐμβάταις
1837 1587 2206 1668 κεχρῆσθαι.
2256 1624 2327 1634 -—
2391 1587 2590 1651 Immo

297 1717 450 1763 vero
519 1697 715 1761 totius
780 1700 1132 1779 apparatus
1194 1694 1473 1759 scaenici
1535 1694 1852 1776 inventi0‚
1919 1693 2128 1777 qualis
2199 1693 2321 1759 fuit
2377 1701 2594 1779 poste-

299 1806 468 1872 riore
543 1811 861 1887 tempore,
927 1801 1013 1868 ad
1084 1802 1471 1886 Aeschylum
1558 1800 1984 1867 reducebatur
2048 1802 2288 1887 (Oram.
2347 1803 2591 1870 Anecd.

294 1915 443 1979 Par.
486 1914 539 1997 I,
585 1913 668 1977 19
748 1910 807 1972 εἰ
862 1912 980 1992 μὲν
1054 1908 1130 1993 δὴ
1203 1909 1415 1972 πάντα
1474 1933 1564 1982 τις
1624 1909 1927 1995 Αἷσχύλῳ
1987 1910 2281 1989 βούλεται
2325 1913 2400 1974 τὰ
2448 1915 2592 1995 περὶ

298 2023 412 2105 τὴν
458 2023 691 2103 σκηνήν
732 2015 1053 2102 εὑρήματα
1099 2019 1482 2100 προσνέμειν
1528 2015 1671 2100 κτὲ).
2531 2076 2560 2089 ,

471 2130 654 2194 Mitto
699 2129 955 2211 singula
980 2147 1332 2211 recensere,
1377 2146 1542 2210 quae
1565 2127 1756 2192 nimis
1788 2134 1935 2192 sunt
1978 2127 2222 2193 incerta
2248 2147 2326 2194 ac
2372 2129 2588 2207 dubia,

299 2237 675 2325 praesertim
703 2256 845 2301 cum
865 2236 1032 2300 inter
1062 2255 1280 2301 omnes
1304 2240 1573 2319 constet,
1618 2255 1807 2318 quam
1832 2234 2100 2301 studiosi
2126 2234 2360 2300 fuerint
2382 2256 2591 2320 gram-

301 2346 521 2410 matici
566 2343 1011 2424 Alexandrini,
1056 2350 1126 2407 ut
1147 2341 1466 2425 εὑρήματα
1490 2340 1577 2406 ad
1610 2348 1817 2406 certos
1848 2340 2137 2408 homines
2164 2345 2371 2409 claros
2403 2343 2589 2410 redu-

297 2458 532 2519 cerent.
623 2452 868 2517 Tamen
893 2452 958 2515 in
989 2471 1162 2516 care
1187 2469 1402 2516 omnes
1428 2451 1771 2535 scriptores
1801 2451 2223 2536 consentiunt,
2266 2453 2374 2535 qui
2404 2453 2589 2520 nobis

296 2564 661 2646 fragmenta
685 2598 771 2608 --
796 2567 867 2626 ut
909 2562 1004 2625 ita
1032 2559 1239 2625 dicam
1284 2597 1372 2607 --
1416 2559 1794 2625 eruditionis
1849 2562 2407 2643 grammaticorum
2454 2564 2592 2628 illo-

296 2690 435 2735 rum
476 2668 893 2752 tradiderunt,
941 2674 1010 2732 ut
1026 2667 1412 2751 Aeschylum
1449 2674 1741 2732 ornatum
1765 2669 2142 2734 histrionum
2157 2670 2480 2735 meliorem
2505 2669 2595 2735 fe-

300 2779 467 2845 cisse
511 2777 762 2843 dicant:
808 2776 977 2859 quod
1019 2777 1158 2841 sine
1203 2775 1398 2841 dubio
1422 2796 1642 2841 verum
1689 2783 1803 2842 est.
1891 2777 2069 2842 Idem
2099 2786 2369 2844 testatur
2411 2779 2589 2845 locus

297 2908 377 2954 ex
440 2887 645 2973 epigr.
703 2884 1063 2951 Dioscorid.
1153 2885 1472 2968 (Anthol.·
1503 2885 1645 2950 Pal.
1688 2885 1740 2969 I,
1786 2906 1847 2969 p.
1898 2886 2027 2951 428
2088 2885 2412 2966 Αἰσχύλος
2459 2937 2473 2952 .
2517 2936 2533 2954 .
2576 2937 2591 2953 .

299 3000 406 3059 καὶ
450 2996 525 3059 τοὶ
572 2995 731 3057 κατὰ
781 2994 1014 3076 σκηνὴν
1052 2993 1525 3078 μετεκαίνισεν).
1613 2994 1747 3060 Nec
1778 2994 1973 3060 multo
2020 2997 2228 3078 magis
2274 3016 2462 3079 quam
2510 3017 2590 3062 ex

301 3105 477 3171 hisce
508 3103 720 3170 verbis
759 3102 1181 3187 comperimus
1214 3122 1294 3167 ex
1319 3104 1456 3168 loco
1482 3103 1790 3187 Aeschyli
1827 3104 2014 3189 vitae,
2060 3124 2225 3186 quae
2250 3105 2436 3170 nobis
2461 3111 2591 3171 tra-

299 3209 434 3274 dita
479 3215 577 3276 est
619 3208 687 3271 in
746 3206 885 3272 cod.
933 3206 1223 3272 Mediceo
1271 3207 1461 3287 (πολὺ
1518 3209 1659 3279 τοὺς
1715 3207 1840 3289 πρὸ
1903 3206 2097 3272 αὑτοῦ
2162 3207 2434 3298 ὑπερῇρε
2479 3233 2591 3273 κα-

298 3314 380 3378 τοί
420 3337 483 3377 τε
525 3316 635 3396 τὴν
679 3317 933 3397 ποίησιν
977 3315 1084 3375 καὶ
1119 3315 1228 3396 τῆν
1271 3313 1577 3376 διάθεσιν
1620 3317 1726 3396 τῆς
1769 3316 1999 3396 σκηνῆς
2042 3314 2153 3398 τήν
2198 3339 2258 3379 τε
2305 3315 2591 3399 λαμπρό-

295 3446 442 3508 τητα
485 3426 590 3505 τῆς
631 3425 929 3505 χορηγίας
997 3425 1104 3482 καὶ
1159 3421 1276 3505 τήν
1320 3419 1546 3504 σκευὴν
1610 3425 1735 3483 τῶν
1794 3418 2152 3505 ὑποκριτῶν
2213 3425 2327 3506 τήν
2368 3448 2431 3487 τε
2475 3428 2587 3489 τοῦ·

294 3535 492 3615 χοροῦ
560 3530 900 3615 σεμνότητα
966 3529 1051 3603 ὥς
1126 3534 1234 3592 καὶ
1293 3529 1756 3615 Ἀριστοφάνης
1816 3533 2007 3616 (Ran.
2054 3533 2250 3616 1004)
2304 3532 2471 3596 Ἀλλ’
2539 3533 2591 3595 ὦ

295 3642 542 3724 πρῶτος
612 3643 736 3701 τῶν
783 3637 1105 3722 Ἑλλήνων
1148 3636 1491 3722 πυργώσας
1545 3636 1796 3724 ῥήματα
1843 3637 2038 3720 σεμνὰ
2107 3645 2228 3702 Καὶ
2273 3640 2593 3725 κοσμήσας

293 3746 591 3833 τραγικὸν
673 3744 917 3831 λῆρον,)
976 3747 1077 3811 Ex
1160 3745 1298 3811 loco
1382 3754 1595 3812 autem
1669 3748 2119 3833 Aristophanis
2183 3750 2251 3812 in
2315 3750 2518 3815 Ranis
2542 3749 2594 3837 3)

296 3877 481 3941 quem
629 3855 846 3920 attulit
963 3854 1440 3921 Sommerbrodt
1546 3855 1805 3930 (Scaen.
1883 3878 1944 3941 p.
2013 3857 2206 3940 183):
2328 3856 2594 3933 Κᾶλλως

442 4078 496 4149 1)
536 4079 774 4136 Gronov.
790 4081 952 4135 Thes
963 4081 1094 4135 VIII
1103 4097 1156 4149 p.
1178 4083 1314 4135 1683
1326 4096 1379 4118 =
1393 4080 1593 4148 Zeune,
1613 4080 1833 4136 Terent.
1852 4081 2064 4135 XXV·-
2079 4083 2331 4139 XXXIV.
2346 4082 2412 4138 cf.
2434 4084 2595 4139 infra.

454 4172 510 4239 2)
549 4172 607 4225 Si
646 4179 795 4227 recte
833 4188 1097 4241 censeam,
1134 4175 1273 4228 haec
1308 4189 1415 4227 vox
1450 4172 1612 4228 fluxit
1648 4190 1714 4227 ex
1739 4175 1997 4244 Aeschyli
2020 4178 2420 4244 Agamemnone
2442 4177 2594 4248 (944)

288 4261 430 4315 ὑπαί
481 4284 554 4326 τις
608 4265 847 4336 α’ρβὺλας
893 4268 1012 4320 λύοι
1060 4270 1247 4339 τάχος,
1308 4267 1615 4337 πρόδουλον
1662 4270 1888 4337 ἔμβασιν
1924 4268 2091 4328 ποδός
2145 4272 2228 4324 vel
2266 4271 2431 4325 simili
2467 4271 2588 4324 loco

294 4372 395 4410 nec
432 4373 665 4425 unquam
703 4360 1127 4415 calceamentum
1165 4361 1492 4416 histrionum
1530 4360 1835 4415 vocabatur
1874 4362 2076 4430 ἀρβύλη
2101 4364 2207 4417 nisi
2235 4364 2380 4431 apud
2407 4379 2582 4431 gram-

291 4450 580 4519 maticum,
619 4467 685 4506 ex
724 4469 829 4520 quo
870 4454 1012 4521 quod
1050 4453 1245 4509 Suidas
1284 4452 1456 4508 tradit
1495 4453 1759 4521 originem
1799 4452 1962 4509 ducit.

429 4546 486 4616 3)
525 4544 618 4599 Vs.
661 4548 815 4599 1060.
859 4549 1012 4599 1061.
