3125 5000
1250 329 1678 392 -43—

313 495 572 581 (Athen.
620 499 701 584 V,
750 498 967 583 lesa),
1041 499 1295 584 Hispali
1344 500 1496 585 (Vit.
1543 500 1754 586 Apoll.
1800 500 1878 585 V,
1924 502 2011 585 9),
2076 501 2318 565 Romae
2365 498 2470 584 (cf.
2512 518 2613 562 su-

313 609 459 696 pra)
504 608 847 674 histriones
893 608 1128 674 Graeci
1171 608 1237 673 in
1288 628 1590 674 scaenam
1622 608 2010 695 prodierunt.
2100 608 2409 674 Habitum
2441 626 2620 672 scae·

315 718 525 784 nicum
582 718 649 781 in
719 716 994 781 Graecia
1059 717 1203 801 ipsa
1284 737 1487 800 usque
1547 716 1634 781 ad
1700 724 1985 783 extrema
2028 721 2318 801 tempora
2361 716 2428 779 in
2475 714 2615 779 uni-

315 846 566 921 versum
611 845 740 891 non
786 830 1094 890 mutatum
1140 844 1315 909 esse,
1399 844 1435 890 e
1477 825 1769 890 Luciano
1835 832 2122 909 apparet.
2208 825 2453 889 Tamen
2501 842 2615 908 per

318 955 389 1001 se
432 934 638 1019 ipsum
680 937 893 1018 patet,
956 934 1024 998 in
1092 933 1238 999 aliis
1302 933 1489 1000 terris
1550 939 1845 999 ornatum
1910 933 2233 999 nonnullis
2299 932 2366 996 in
2424 932 2612 998 rebus

318 1042 524 1125 magis
558 1039 805 1126 judicio
851 1046 914 1106 et
956 1040 1439 1124 intellegentiae
1515 1042 1867 1127 nationum,
1910 1040 2083 1126 apud
2125 1060 2285 1125 quas
2330 1040 2614 1123 ageban-

320 1158 424 1217 tur
466 1150 745 1234 fabulae‚
787 1148 1334 1216 accommodatum
1380 1169 1539 1215 esse.

495 1257 761 1326 Accedit
818 1256 988 1342 quod
1052 1263 1191 1324 arte
1252 1263 1546 1324 cessante
1591 1256 1867 1324 artifices
1912 1256 2302 1342 defecerunt,
2345 1256 2456 1341 qui
2499 1277 2612 1343 ap·

324 1374 621 1455 paratum
691 1367 1058 1433 scaenicum
1117 1371 1305 1432 tanta
1361 1365 1702 1452 diligentia
1746 1371 1810 1431 et
1855 1364 2330 1451 pulchritudine
2373 1372 2617 1450 quanta

324 1478 567 1564 priores
636 1475 981 1543 efficerent.
1067 1475 1428 1541 Posteriore
1491 1483 1778 1560 tempore
1842 1479 2196 1559 apparatus
2278 1474 2610 1540 scaenicus

323 1587 711 1671 tragicorum
754 1584 1131 1650 histrionum
1178 1583 1262 1650 ad
1309 1583 1581 1649 facetias
1625 1584 1802 1668 ipsas
1830 1582 2279 1667 usurpabatur.
2368 1582 2445 1646 In
2485 1598 2612 1646 me·

330 1694 597 1760 moriam
643 1691 874 1758 rev'oco
919 1692 1240 1758 Neronem
1305 1691 1371 1756 in
1442 1709 1742 1757 scaenam
1805 1689 2224 1775 prodeuntem
2291 1710 2430 1755 cum
2476 1708 2617 1775 per·

332 1822 493 1868 sona
541 1799 624 1867 ad
672 1799 1154 1866 similitudinem
1200 1798 1329 1866 oris
1376 1799 1474 1864 sui
1520 1799 1779 1883 efficta,
1824 1818 1966 1865 cum
2011 1818 2287 1883 persona
2330 1796 2614 1865 beroidis

330 1914 618 1995 gestaret
660 1908 872 1973 vultus
915 1913 1172 1972 amatae
1216 1905 1494 1972 feminae
1526 1907 1817 1991 (Sueton.
1865 1907 2033 1973 Nero
2080 1926 2130 1971 c.
2176 1906 2381 1991 XXI).
2423 1906 2616 1973 Prae·

337 2020 525 2103 cipue
567 2036 720 2081 vero
767 2034 803 2080 e
847 2016 1270 2081 monumentis
1340 2015 1500 2081 artis
1562 2014 1878 2098 quomodo
1939 2020 2219 2081 mutatus
2265 2014 2457 2079 fuerit
2502 2013 2614 2079 ha-

331 2127 500 2192 bitus
545 2124 917 2190 histrionum
962 2122 1352 2207 tragicorum
1415 2124 1719 2190 extremis
1780 2124 2170 2209 temporibus
2228 2140 2615 2206 cognoscere

328 2220 680 2320 possumus.
771 2231 1182 2314 Quantopere
1228 2250 1297 2296 se
1340 2229 1743 2313 distinguunt
1772 2231 2112 2297 histriones
2153 2230 2220 2295 in
2268 2248 2459 2315 opere
2500 2228 2614 2294 illo

335 2343 656 2408 tessellato
738 2339 937 2405 efficti
955 2339 1004 2422 1)
1072 2359 1114 2404 a
1181 2338 1427 2424 pictura
1489 2340 1847 2423 Cyrenaica
1865 2338 1939 2425 2),
2009 2342 2398 2422 quantopere
2466 2335 2532 2401 hi
2574 2356 2617 2402 a

329 2450 592 2539 picturis
655 2446 1094 2533 Pompeianis!
1186 2447 1266 2511 Et
1336 2445 1623 2532 profecto
1708 2446 1834 2512 hae
1903 2446 2192 2532 picturae
2249 2442 2435 2510 nobis
2479 2461 2621 2529 spe·

327 2561 490 2625 ciem
538 2556 795 2640 quidem
840 2556 1157 2641 praebent
1224 2562 1485 2621 ornatus
1553 2554 1938 2622 histrionum
1988 2554 2373 2638 tragicorum
2439 2551 2614 2637 apud

329 2667 633 2750 Graecos,
675 2664 792 2731 sed
837 2664 1227 2747 elegantiam
1274 2671 1337 2730 et
1392 2671 1797 2730 venustatem
1846 2663 2121 2747 habitus,
2166 2682 2292 2745 quo
2334 2667 2620 2747 tempore

329 2781 505 2841 artes
548 2772 827 2837 maxime
870 2770 1237 2854 floruerunt,
1284 2770 1609 2856 opinando
1654 2777 1900 2837 tantum
1959 2769 2219 2853 assequi
2261 2786 2614 2854 possumus.

503 2882 684 2947 Haec
728 2879 928 2944 habui
972 2899 1138 2962 quae
1184 2878 1263 2944 de
1307 2880 1696 2963 tragicorum
1743 2878 2124 2945 histrionum
2168 2877 2391 2942 habitu
2436 2894 2613 2941 scae-

332 2991 478 3057 nico
501 2987 676 3077 apud
704 2988 989 3054 Graecos
1013 2986 1422 3071 disputarem.
1509 2988 1655 3054 Jam
1702 3007 1781 3052 ea
1822 3008 1987 3070 quae
2031 2984 2425 3071 praestitisse
2466 2980 2622 3048 mihi

329 3100 552 3167 videor
598 3097 826 3185 paucis
872 3096 1173 3179 colligere
1214 3095 1373 3160 mihi
1445 3096 1652 3161 liceat.
1741 3097 1905 3162 Nam
1952 3116 1993 3160 a
2037 3094 2322 3161 Luciano
2367 3092 2615 3178 profec-

328 3216 448 3293 tus,
492 3214 828 3293 postquam
874 3203 1083 3287 qualis
1130 3201 1324 3268 fuerit
1367 3202 1717 3268 secundum
1763 3203 1939 3268 illum
1982 3202 2238 3267 habitus
2281 3200 2614 3267 scaenicus

334 3316 622 3400 exposui,
663 3334 742 3380 ea
788 3333 954 3397 quae
984 3311 1066 3378 de
1111 3317 1340 3377 ornatu
1389 3312 1772 3395 antiquioris
1815 3310 2119 3396 temporis
2163 3308 2402 3376 tradita
2445 3316 2611 3388 sunt,

345 3421 580 3504 collegi
624 3427 688 3485 et
729 3418 1021 3485 recensui
1086 3424 1150 3482 et
1194 3418 1278 3482 ad
1336 3417 1544 3484 sontes
1602 3416 1904 3483 reducere
1948 3417 2183 3484 studui.
2269 3418 2433 3481 Tum
2476 3415 2616 3482 fieri

331 3529 570 3615 potuit,
631 3534 700 3593 ut
758 3527 967 3611 qualis
1012 3532 1180 3592 esset
1223 3526 1389 3592 ratio
1433 3525 1599 3591 inter
1642 3525 1966 3592 Pollucem
2011 3532 2380 3609 ceterosque
2421 3524 2618 3610 scrip·

330 3647 502 3704 tores
562 3635 642 3703 de
710 3619 935 3701 habitu
1009 3635 1299 3700 scaenico
1381 3635 1844 3701 constituerem.
1933 3632 2184 3699 Deinde
2245 3634 2616 3700 recensione

327 3746 680 3812 litterarum
726 3750 790 3808 et
831 3743 1101 3809 fontium
1147 3742 1343 3828 facta,
1388 3749 1725 3826 postquam
1774 3747 2184 3808 monumenta
2228 3741 2403 3823 artis,
2448 3759 2616 3825 quae

326 3855 411 3922 ad
474 3875 607 3920 rem
667 3852 1030 3918 scaenicam
1097 3856 1420 3937 spectant,
1492 3850 1857 3916 examinavi
1946 3856 2010 3916 et
2077 3848 2417 3916 cothurnos
2497 3868 2613 3934 per

325 3972 523 4031 totam
568 3961 1019 4045 antiquitatem
1063 3961 1145 4025 ab
1211 3958 1626 4026 histrionibus
1691 3958 1957 4042 tragicis
2022 3958 2090 4024 in
2132 3977 2370 4025 scaena
2414 3957 2614 4024 Grae-

330 4089 543 4137 corum
601 4075 944 4153 usurpatos
1003 4086 1144 4133 esse
1215 4066 1670 4146 demonstravi,
1732 4067 1939 4150 qualis
1984 4067 2175 4133 fuerit
2217 4072 2478 4132 ornatus
2520 4064 2614 4130 di-

327 4179 533 4246 versis
574 4177 968 4263 temporibus
1012 4176 1337 4261 explicare
1381 4182 1650 4242 conatus
1693 4194 1852 4241 sum.

469 4398 525 4466 1)
558 4396 729 4451 wios.
767 4397 834 4452 D.
873 4398 923 4452 d.
962 4398 1024 4452 B.
1062 4398 1181 4453 vn.
1218 4398 1363 4452 vm.

465 4488 522 4556 2)
558 4486 632 4541 ib.
671 4486 820 4554 xm,
854 4488 904 4541 2.
