3125 5000
1434 358 1510 375 .-
1600 327 1691 392 35
1778 363 1858 376 .-

505 497 778 565 alicuius
822 497 1082 562 tristitia
1127 497 1344 562 affecti
1388 507 1557 582 sunt,
1605 498 1770 563 iuter
1816 505 2198 583 apparatum
2231 497 2613 564 feminarum
2657 502 2795 563 tan·

507 612 639 671 tum
684 614 1152 672 commemorat.
1242 607 1488 672 Tamen
1532 627 1729 691 supra
1771 607 1902 672 iam
1929 605 2205 674 vidimus
2252 628 2469 674 omnes
2509 608 2804 690 lugentes

510 735 652 780 cum
695 714 897 781 tonsis
957 715 1210 799 capillis
1275 715 1343 780 in
1409 728 1715 781 scaenam
1776 713 2085 800 prodisse.
2128 753 2205 763 —
2259 716 2584 781 Personae
2627 713 2814 779 femi-

509 843 735 889 narum
779 843 947 906 quae
993 822 1304 906 lugebant
1347 821 1699 889 secundum
1765 823 2252 907 grammaticum
2296 822 2585 888 fuerunt:
2652 825 2806 885 κου’-

511 952 694 1012 ριμος
761 932 1096 1011 παρθένος
1165 937 1230 995 et
1306 929 1339 1012 ἢ
1387 927 1571 1014 ἑτέρα
1640 929 1960 1011 κούριμος.
2073 931 2262 996 Illam
2352 938 2799 998 commemorat

527 1039 718 1103 etiam
785 1038 1196 1104 Dioscorides
1260 1038 1325 1102 in
1395 1039 1590 1103 Anth.
1654 1039 1792 1103 Pal.
1838 1039 2129 1122 V11‚37.
2192 1040 2393 1105 Poeta
2467 1039 2815 1124 alloquitur

517 1152 805 1231 satyrum
852 1146 960 1230 qui
1005 1147 1072 1211 in
1118 1145 1360 1213 tumulo
1391 1147 1726 1232 Sophoclis
1767 1148 2087 1213 consistit:
2118 1146 2370 1227 Ὄλβιος
2416 1149 2502 1222 ὥς
2546 1146 2814 1231 α’γαθῆν

513 1253 733 1334 ἔλαχες
803 1252 1050 1317 στάσιν·
1135 1251 1171 1337 ἦ
1238 1252 1294 1317 δ’
1362 1253 1457 1318 ἐνὶ
1517 1256 1692 1338 χέρσι
1740 1255 2088 1338 Κούριμος,
2150 1255 2220 1318 ἐκ
2279 1258 2468 1333 ποιῆς
2525 1254 2638 1338 ἤὸε
2711 1255 2813 1318 δι-

516 1361 898 1446 δασκαλίης;
966 1363 1106 1424 Εἴτε
1152 1367 1248 1423 σοὶ
1300 1360 1667 1444 Ἀντιγόνην
1724 1362 1928 1425 εἰπεῖν
1984 1361 2180 1444 φίλον
2223 1360 2339 1426 οὐκ
2371 1365 2455 1427 ἄν
2498 1358 2813 1443 α’μοῖρτοις

517 1471 660 1532 Εἴτε
706 1472 814 1531 καὶ
854 1466 1210 1552 Ἠλέκτραν.
1258 1468 1610 1552 ἀμφότεροι
1656 1468 1779 1549 γάρ
1828 1469 2028 1551 ἄκρον

1171 1640 1271 1710 ΙΙ.
1363 1635 1729 1709 ’Έκσκευιτ
1783 1642 2169 1732 πρόσωπα.

692 1761 791 1825 De
843 1759 1093 1843 origine
1140 1767 1204 1826 et
1250 1780 1368 1825 usu
1428 1760 1651 1824 harum
1700 1780 2116 1845 personarum
2155 1760 2290 1845 jam
2335 1780 2533 1845 supra
2577 1758 2812 1824 dictum

518 1874 633 1933 est.
722 1868 906 1947 Quae
971 1869 1233 1933 nomina
1318 1868 1548 1933 Pollux
1610 1869 1651 1932 l.
1698 1889 1758 1933 a.
1836 1875 2202 1953 enumerat,
2268 1875 2554 1953 repetere
2646 1868 2813 1934 nolo.

517 1970 753 2037 Verum
808 1971 977 2035 enim
1022 1992 1174 2037 vero
1221 1972 1431 2055 magis
1477 1992 1669 2056 quam
1717 1973 2115 2055 grammatici
2150 1973 2561 2055 enumeratio,
2606 1973 2814 2056 qualis

519 2078 708 2144 fuerit
772 2080 1020 2164 species
1095 2099 1351 2165 earum,
1418 2080 1682 2146 fabulae
1748 2080 1930 2166 ipsae
2012 2101 2131 2146 nos
2203 2081 2569 2146 docuerunt.
2658 2081 2819 2147 Cum

519 2187 821 2271 Aeschyli
883 2190 1274 2273 temporibus
1323 2189 1613 2275 personis
1643 2190 1818 2255 hisce
1855 2189 1989 2255 fere
2020 2190 2174 2255 solis
2202 2196 2545 2272 uterentur,
2590 2197 2815 2275 postea

520 2303 838 2381 apparatu
898 2297 1193 2363 scaenico
1240 2299 1493 2364 exculto
1549 2318 1665 2382 pro
1711 2297 2033 2363 nonnullis
2078 2304 2325 2364 tantum
2371 2299 2660 2383 partibus
2705 2319 2813 2363 va-

520 2403 732 2470 ebant

1399 2580 1486 2651 B.
1594 2578 1913 2661 Vestes,

1184 2736 1244 2805 I.
1337 2732 1715 2807 Ἔνσκευοι
1760 2734 2060 2829 ἐσθῆτες
2077 2734 2146 2829 1).

1391 2891 1448 2955 1.
1533 2890 1933 2955 Tunicae.

706 3028 784 3093 In
830 3027 1193 3094 enarrando
1241 3029 1461 3093 habitu
1523 3049 1648 3111 quo
1694 3029 1835 3094 loco
1881 3027 1962 3093 de
2006 3029 2385 3093 vestimento
2431 3028 2817 3110 tragicorum
2875 3047 2878 3050 ·

526 3133 901 3200 histrionum
952 3156 994 3200 a
1039 3135 1298 3201 Polluce
1343 3136 1580 3219 agitur,
1624 3137 1822 3202 verba
1867 3137 2057 3216 nimis
2080 3137 2353 3203 obscura
2376 3142 2538 3201 sunt.
2626 3134 2817 3200 Lexi-

525 3243 892 3328 cograpbus
945 3244 1117 3308 enim
1161 3243 1588 3308 enarrationis
1647 3243 1897 3308 initium
1942 3243 2100 3309 facit
2141 3243 2357 3309 verbis
2404 3247 2508 3304 καὶ
2552 3242 2817 3325 ἐσθῆτες

524 3353 643 3428 μὲν
688 3354 980 3429 τραγικοὶ
1023 3350 1317 3413 ποικίλον
1361 3348 1551 3433 (οὕτω
1598 3348 1721 3431 γὰρ
1769 3350 2051 3414 ἐκαλεῖτο
2100 3348 2140 3414 o‘
2174 3353 2412 3436 χιτών).
2500 3351 2817 3436 Respectu

522 3458 740 3523 habito
822 3459 1042 3523 horum
1100 3464 1348 3524 tantum
1404 3460 1743 3525 verborum
1804 3460 2176 3526 existimare
2236 3460 2558 3543 debemus,
2601 3479 2821 3526 omnes

528 3567 781 3632 tunicas
830 3566 1123 3628 ποικίλον
1190 3572 1458 3632 vocatas
1525 3587 1684 3632 esse.
1770 3569 2014 3633 Tamen
2075 3569 2267 3654 paulo
2313 3574 2458 3652 post
2504 3588 2820 3651 gramma·

523 3675 689 3742 ticus
753 3675 833 3741 de
878 3676 1258 3740 feminarum
1293 3675 1510 3741 tunica
1534 3673 1692 3741 dicit
1716 3676 1851 3762 (IV,
1878 3676 2032 3764 118)
2074 3677 2440 3755 γυναικείας
2485 3675 2557 3737 δὲ
2601 3673 2821 3759 συριὸς

521 3786 892 3869 πορφυροῦς
907 3784 978 3869 ²).

707 3892 1039 3973 Quomodo
1088 3891 1251 3958 haec
1295 3891 1644 3959 difficultas
1688 3891 1999 3958 solvenda
2042 3893 2146 3977 sit,
2191 3892 2427 3958 nescio.
2518 3892 2821 3958 Fortasse

530 4022 751 4067 omnes
795 4002 1050 4067 tunicae
1096 4008 1209 4067 aut
1252 4001 1513 4065 ποικίλα
1560 4008 1673 4067 aut
1717 4001 2004 4084 σύρματα
2052 4002 2571 4067 nominabantur.

679 4156 733 4226 1)
768 4156 907 4211 Dico
969 4158 1202 4210 ἔνσκευοι
1256 4162 1312 4211 et
1361 4156 1596 4209 ἔκσκιυοι
1649 4155 1856 4221 ἐσθῆτες
1908 4159 2162 4222 respectu
2217 4152 2409 4209 habito
2443 4167 2821 4222 personarum,
2893 4165 2897 4168 “

538 4263 863 4315 quamquam
899 4247 1004 4301 hae
1044 4262 1203 4302 voces
1242 4245 1311 4301 ab
1350 4245 1593 4314 antiquis
1632 4244 1994 4313 scriptoribus
2032 4259 2141 4298 non
2180 4251 2536 4311 usurpantur.

680 4334 737 4405 2)
773 4333 982 4390 Eodem
1032 4334 1191 4390 modo
1231 4350 1265 4388 a
1302 4349 1525 4403 gramm.
1564 4334 1623 4387 in
1674 4333 1850 4387 Cram.
1907 4331 2111 4386 Anecd.
2168 4331 2296 4386 Par.
2338 4331 2366 4384 I
2401 4348 2454 4400 p.
2497 4335 2563 4386 19
2598 4331 2694 4400 (Et
2721 4327 2825 4402 μὲν

534 4421 599 4491 δἰὶ
634 4427 808 4479 πάντα
844 4444 917 4485 τις
952 4423 1197 4497 Αἰσχύλῳ
1232 4424 1473 4492 βούλεται
1523 4421 1584 4475 τὰ
1630 4422 1755 4492 περὶ
1808 4420 1894 4488 τὴν
1932 4421 2122 4487 σκηνὴν
2178 4417 2451 4494 εὑρήματα
2504 4420 2827 4490 προσνέμειν

527 4519 885 4590 ἐκκυκλῆμαια
922 4518 1016 4573 καὶ
1059 4518 1370 4589 περιάκτους
1407 4555 1421 4569 .
1462 4554 1478 4569 .
1517 4555 1529 4569 .
1568 4514 1662 4568 καὶ
1696 4515 1948 4575 ξυστίδας
1999 4513 2095 4568 καὶ
2141 4515 2494 4588 βατραχίδας,
2529 4511 2624 4566 καὶ
2658 4509 2825 4581 πρόσ-
