3125 5000
1411 328 1799 392 ..6.-

481 523 679 569 causa
723 502 1125 582 constituam,
1197 503 1377 585 quia,
1454 523 1621 586 quae
1665 503 1852 568 nobis
1913 501 2153 567 tradita
2214 507 2362 567 sunt
2407 502 2488 567 de
2532 507 2759 567 ornatu

479 613 855 679 histrionum
903 612 1282 695 antiquioris
1327 613 1665 697 temporie,
1731 612 1920 678 nimis
1980 613 2227 677 incerta
2292 617 2484 694 atque
2541 610 2760 694 spuria

479 729 626 790 sunt
674 728 738 786 et
781 719 1262 786 fundamentum
1307 721 1704 804 quaestionis
1746 741 1975 805 parare
2016 721 2171 785 mihi
2217 727 2470 787 coactus
2515 739 2671 785 sum.

651 829 1046 896 Ludificatur
1090 829 1356 915 scriptor
1399 831 1598 896 semei
1622 835 1835 913 xatque
1879 830 2107 895 iterum
2163 830 2491 912 ingentem
2549 828 2759 893 histri-

482 940 622 1007 onis
681 938 915 1022 tragici
979 939 1521 1024 magnitudinem,
1598 956 1765 1022 quae
1831 944 1896 1003 et
1963 958 2241 1022 persona
2302 944 2505 1003 totum
2570 943 2762 1022 caput

480 1053 737 1131 tegente
801 1052 864 1112 et
930 1045 1280 1112 artificiosa
1341 1047 1765 1113 crassitudine
1834 1047 2118 1132 corporis
2186 1052 2249 1110 et
2310 1046 2575 1130 peraltis
2631 1045 2762 1111 cal-

484 1154 832 1221 ceamentis
880 1154 1111 1218 effecta
1156 1154 1257 1219 sit.
1349 1154 1554 1233 Quale
1602 1154 1795 1220 fuerit
1839 1154 1959 1219 hoc
2005 1153 2508 1219 calceamentum
2555 1154 2760 1219 diver-

483 1265 573 1331 sis
615 1263 773 1328 locis
818 1261 1175 1328 indicatur:
1239 1262 1318 1328 de
1378 1263 1592 1329 saltat.
1637 1284 1686 1328 c.
1733 1265 1811 1328 27
1883 1262 2221 1350 (ἐμβάταις
2276 1257 2554 1346 ὑψηλοῖς
2613 1261 2762 1324 ἐπο-

481 1369 846 1456 χούμενος),
910 1390 1116 1453 quom.
1158 1369 1380 1436 histor.
1437 1391 1487 1436 s.
1531 1370 1832 1436 conscrib.
1894 1390 1947 1435 c.
1992 1372 2077 1435 22
2137 1367 2317 1454 (ὥστε
2375 1371 2443 1432 τὸ
2494 1372 2762 1452 πρᾶγμα

483 1477 694 1551 ἐοικὸς
739 1477 905 1540 εἶναι
948 1476 1254 1563 τραγῳδῷ
1318 1479 1428 1541 τὸν
1481 1479 1692 1560 ἕτερον
1734 1480 1853 1558 μὲν
1899 1476 2078 1540 πόδα
2123 1474 2228 1538 ἐπ’
2274 1476 2553 1556 ἐμβάτου
2598 1474 2763 1560 ὑψη-

485 1585 603 1651 λοῦ
645 1583 1047 1668 ἕμβεβηκότι,
1091 1587 1350 1671 θατέρῳ
1398 1586 1469 1649 δὲ
1515 1585 1847 1650 σάνδαλον
1891 1584 2403 1670 ὑποδεδεμένῳ),
2464 1586 2765 1669 Necyom.

485 1717 536 1762 c.
584 1695 684 1760 16.
728 1697 1038 1778 (καταβὰς
1083 1692 1216 1757 α’πό
1264 1682 1388 1757 τῶν
1432 1696 1771 1776 ἐμβατῶν).
1875 1695 2027 1760 Fuit
2088 1695 2284 1778 igitur
2332 1714 2520 1777 quem
2565 1694 2765 1759 nostri

484 1804 773 1882 homines
817 1804 1191 1869 cothurnum
1237 1810 1470 1870 vocant
1528 1805 1784 1870 calceus
1829 1824 1865 1869 e
1913 1803 2339 1868 monumentis
2402 1804 2561 1868 artis
2607 1802 2766 1867 satis

487 1913 784 1996 cognitus
809 1910 875 1995 ¹).
986 1911 1171 1990 Quod
1219 1912 1722 1979 calceamentum
1786 1933 1827 1977 a
1872 1913 2158 1993 Luciano
2227 1911 2597 1995 plerumque
2662 1910 2768 1992 ἐμ-

478 2022 673 2104 βάτης
715 2021 1109 2087 nominatum
1155 2027 1291 2106 est,
1335 2022 1532 2087 semel
1573 2027 2157 2104 tantum-quantum
2201 2019 2331 2085 scio
2395 2040 2548 2086 voce
2597 2017 2764 2102 ὀκρί-

492 2132 614 2211 βας
658 2129 1058 2212 si-gnificatur
1106 2130 1299 2209 (Nero
1346 2151 1396 2197 c.
1435 2131 1526 2213 9).
1611 2130 1784 2195 Voce
1829 2129 2103 2212 ἐμβάτης
2149 2148 2302 2195 usus
2339 2134 2436 2194 est
2465 2129 2765 2214 scriptor:

488 2240 790 2322 Necyom.
838 2258 890 2303 c.
917 2237 1019 2303 16.
1065 2237 1289 2316 Quom.
1316 2237 1462 2304 hist.
1486 2257 1534 2302 s.
1560 2238 1869 2303 conscrib.
1895 2257 1947 2302 c.
1973 2237 2076 2302 22.
2120 2237 2267 2321 Jup.
2311 2243 2477 2319 trag.
2504 2257 2557 2304 c.
2582 2236 2663 2300 41
2692 2234 2766 2318 2).

661 2346 888 2411 Vestes
946 2345 1328 2411 histrionum
1387 2346 1642 2412 fuerunt
1686 2346 1943 2411 tunicae
2000 2345 2238 2410 talares
2300 2342 2515 2428 (χιτὼν
2563 2342 2763 2427 ποδή·

488 2476 597 2537 ρης
639 2453 786 2539 Jup.
830 2458 994 2536 trag.
1039 2472 1091 2518 c.
1136 2453 1248 2536 41)
1294 2460 1357 2518 et
1402 2454 1605 2539 pallia
1651 2452 1987 2539 splendide
2046 2461 2273 2519 ornata
2318 2452 2557 2532 (Somn.
2601 2471 2653 2518 c.
2685 2453 2768 2517 26

481 2571 742 2643 χρυσαῖς
767 2560 837 2623 δὲ
864 2563 1136 2635 ταινίαις
1157 2559 1268 2644 τὴν
1298 2561 1558 2645 ἐσθῆτα,
1592 2600 1667 2610 -
1687 2561 1989 2643 χλαμύδα
2024 2560 2517 2647 χρυσόπαστον).
2576 2562 2768 2627 Brac-

488 2670 632 2735 chia
674 2670 1058 2752 tegebantur
1100 2669 1312 2753 longis
1357 2670 1661 2755 maniciS,
1707 2671 1937 2754 quibus
1973 2691 2206 2737 nomen
2252 2676 2390 2735 erat
2432 2670 2699 2752 χειρτδες
2717 2668 2773 2752 ⁸)

636 2949 690 3018 1)
728 2945 1027 3014 Wieseler,
1087 2946 1379 3015 Theaterg.
1427 2963 1479 3000 u.
1528 2945 1758 3000 Denkm.
1798 2945 1849 2999 d.
1908 2946 1968 2999 B.
2021 2945 2158 3000 Tab.
2218 2945 2337 2999 VII.
2391 2945 2536 3001 V111.
2587 2946 2683 3013 IX,
2724 2949 2771 2999 1.

486 3043 636 3098 Mon.
675 3041 726 3096 d.
763 3041 897 3094 Inst.
935 3040 1031 3107 XI,
1077 3041 1154 3094 13.
1808 3091 1814 3099 .

633 3135 691 3204 2)
731 3133 860 3189 Cod.
915 3132 1252 3189 Gorlicensis
1310 3132 1414 3187 hoc
1463 3133 1585 3188 loco
1642 3132 1871 3201 praebet
1926 3133 2169 3203 ἐμβάδας
2222 3148 2324 3201 pro
2362 3148 2494 3187 voce
2540 3133 2770 3204 ἐμβάτας

487 3228 635 3298 (cett.
675 3225 829 3280 codd.
867 3224 1134 3296 ἐμβάτας).
1206 3225 1424 3293 Lapsus
1462 3231 1546 3279 est
1586 3225 1782 3279 calami
1818 3217 2050 3279 librarii.
2149 3224 2290 3279 Nam
2310 3222 2507 3278 Graeci
2543 3225 2761 3280 cothur-

489 3336 618 3374 num
653 3335 763 3373 non
799 3333 929 3373 voce
966 3318 1183 3389 ιέμβάςζ
1234 3317 1330 3373 sed
1368 3333 1496 3373 voce
1532 3318 1793 3396 ‘gpssdmc’
1830 3316 2141 3386 significant
2177 3314 2267 3386 (cf.
2306 3316 2537 3371 Excurs.
2581 3317 2769 3389 11).—

489 3414 553 3467 In
580 3413 758 3467 Somn.
798 3428 842 3465 c.
871 3414 939 3465 26
978 3417 1158 3466 exstat
1195 3411 1253 3464 in
1289 3410 1443 3465 codd.
1480 3410 1657 3465 Paris.
1698 3414 1834 3465 3011
1875 3416 1930 3464 et
1969 3408 2172 3464 Gorlic.
2207 3410 2510 3479 κοθόρνων,
2549 3411 2603 3465 in
2645 3420 2773 3467 cett.

489 3504 643 3559 codd.
682 3502 954 3574 ἐμβάδων.
1039 3502 1157 3558 Nec
1209 3504 1497 3573 κοθόρνων
1553 3519 1656 3558 nec
1709 3503 1964 3572 ἐμβάδων
2019 3517 2104 3556 me
2141 3502 2355 3569 quidem
2391 3503 2571 3559 iudice
2625 3512 2773 3561 recte

491 3612 549 3652 se
584 3596 766 3664 habet,
805 3596 901 3651 sed
940 3595 1282 3650 scribendum
1301 3603 1384 3651 est
1420 3599 1682 3665 ἐμβατῶν.
1756 3595 2011 3666 ἐμβάδων
2036 3596 2178 3648 enim
2196 3596 2411 3663 lapsum
2435 3612 2556 3651 esse
2577 3599 2773 3653 calami

490 3704 700 3756 censeo,
769 3688 1056 3758 κοθόρνων
1108 3704 1142 3743 a
1189 3688 1418 3743 librario
1482 3688 1715 3756 quodam
1780 3688 2039 3742 additum.
2131 3687 2215 3740 De
2276 3704 2422 3743 vocc.
2487 3692 2772 3760 κόθορνος,

492 3781 743 3853 ἐμβάτης,
796 3781 981 3852 ἐμβάς,
1020 3780 1241 3851 ὅκρίβας
1279 3781 1346 3836 cf.
1385 3781 1619 3837 Excurs.
1657 3782 1726 3835 H.

635 3875 691 3944 3)
729 3873 812 3928 De
849 3874 904 3928 vi
938 3873 1086 3928 vocis
1124 3874 1383 3945 ‘xstqtd‘ss’
1421 3875 1513 3928 vix
1549 3874 1820 3929 dubitatio
1873 3889 1994 3928 esse
2042 3879 2242 3942 potest.
2316 3875 2446 3929 Fuit
2481 3875 2775 3931 Persarum

491 3967 832 4035 aliorumque
867 3966 1229 4022 barbarorum
1283 3973 1487 4022 vestem
1537 3967 1718 4036 longis
1756 3983 1876 4021 cum
1913 3966 2141 4021 manicis
2178 3973 2425 4035 gestare,
2477 3968 2572 4023 sed
2608 3969 2774 4024 inter-

492 4059 618 4113 dum
655 4075 775 4113 cum
808 4059 1068 4114 bracchia
1105 4060 1376 4115 nudarent
1432 4060 1674 4113 manicas
1714 4074 1747 4113 a
1784 4066 1940 4127 tergo
1979 4059 2216 4127 pendere
2252 4060 2508 4115 volebant
2547 4060 2638 4131 (cf.
2665 4063 2774 4115 An—

491 4152 704 4208 chisen:
743 4152 1260 4220 Miiller-Wieseler,
1297 4153 1365 4207 D.
1402 4152 1453 4206 d.
1494 4168 1541 4208 a.
1581 4152 1647 4205 K.
1685 4152 1754 4218 H,
1782 4155 1867 4219 27,
1890 4154 2022 4219 293,
2061 4153 2283 4206 Amaz.:
2322 4152 2593 4220 Bouillon,
2630 4154 2772 4209 Mus,

491 4245 585 4299 des
640 4246 765 4299 Ant.
805 4245 874 4313 H,
913 4248 1009 4312 83,
1071 4245 1348 4300 Medeam:
1407 4245 1613 4313 Bottig.
1673 4245 1911 4299 Amalth.
1952 4245 1994 4312 Ι,
2050 4243 2171 4299 Taf.
2208 4244 2324 4313 IV).
2422 4244 2669 4301 Eandem
2708 4247 2778 4301 ad

490 4337 936 4393 consuetudinem
993 4345 1245 4406 spectant
1299 4337 1468 4392 verba
1518 4336 1665 4406 apud
1715 4337 2062 4406 Xenophont.
2136 4337 2356 4407 (Cyrop.
2408 4337 2556 4407 VIH,
2595 4342 2644 4407 3,
2687 4340 2776 4410 13)

490 4430 576 4493 τὰς
617 4431 675 4485 δὲ
705 4435 897 4502 χεῖρας
934 4433 1032 4493 ἔξω
1086 4432 1189 4484 τῶν
1230 4431 1488 4503 χειρίδων
1536 4432 1648 4501 εἶχε
1695 4430 1932 4501 (Cyrus).
2008 4428 2087 4483 Cf.
2125 4428 2233 4484 Dio
2272 4429 2582 4501 Chrysost„
2620 4433 2776 4488 Hom.

491 4525 622 4580 VIII
661 4526 717 4579 in
755 4525 922 4593 Tim.,
961 4524 1024 4578 T.
1063 4523 1155 4593 VI,
1193 4541 1245 4593 p.
1285 4526 1388 4577 457
1409 4522 1458 4576 d.
1546 4523 1793 4577 Fuerunt
1843 4523 2012 4591 igitur
2054 4523 2291 4594 χειρῖδες
2347 4540 2457 4579 non
2513 4526 2780 4582 accessio-
