3125 5000
1257 323 1687 386 ...41-

336 494 554 561 affecti
596 501 744 559 sunt
786 493 896 579 (cf.
940 495 1183 580 supra),
1227 494 1456 558 Pollux
1524 492 1683 558 nihil
1729 492 1941 558 tradit.
2027 495 2271 560 Tamen
2321 495 2452 582 (IV,
2495 495 2617 560 116

337 600 400 664 οἳ
444 600 515 664 δὲ
575 600 647 663 ἐν
693 601 1051 682 δυστυχίαις
1135 601 1309 674 ὄντες
1354 645 1370 664 .
1418 645 1433 663 .
1479 600 1652 681 εἶχον
1697 645 1713 664 .
1762 646 1779 664 .
1824 646 1841 663 .
1885 601 2166 686 μέλανα)
2239 603 2618 694 vestimenta

332 709 451 776 tali
494 711 703 777 colore
745 716 1215 794 commemorat,
1256 708 1601 795 praecipue
1631 709 1798 775 inter
1828 716 2208 795 apparatum
2237 709 2618 776 feminarum

337 819 475 907 (IV,
525 820 650 885 118
695 819 799 902 τῆς
842 817 914 880 δὲ
959 818 1030 880 ἕν
1075 822 1382 902 συμφορᾷ
1427 814 1461 879 ὁ
1507 819 1628 897 μὲν
1695 820 1914 900 συρτὸς
1977 817 2198 900 μέλας,
2245 818 2314 881 τὸ
2362 816 2433 881 δὲ
2477 818 2620 882 ἐπί-

338 926 551 1012 βλημα
596 925 877 1004 γλαυκὸν
922 927 964 1009 ἢ
1002 925 1324 1010 μήλινον).

514 1035 720 1100 Domo
765 1033 1028 1120 profugi
1072 1034 1443 1120 plerumque
1489 1033 1835 1117 gestabant
1880 1031 2174 1099 sordidas
2218 1040 2429 1100 vestes
2452 1034 2522 1118 ¹).

517 1142 647 1206 Alii
714 1142 1003 1208 infelices
1072 1142 1469 1208 vestimentis
1514 1142 1687 1207 luteo
1747 1148 1859 1207 aut
1928 1142 2221 1208 caeruleo
2287 1149 2400 1207 aut
2442 1142 2622 1208 fusco

338 1248 547 1317 colore
602 1251 818 1316 amicti
878 1256 1063 1317 erant
1129 1251 1265 1337 (IV,
1317 1251 1435 1314 117
1505 1246 1569 1311 οἳ
1637 1247 1708 1311 δὲ
1775 1250 1847 1310 ἓν
1907 1247 2264 1330 δυστυχίαις
2331 1248 2500 1323 ὄντες
2547 1297 2563 1314 .
2607 1297 2623 1314 .

338 1357 513 1438 εἶχον
558 1407 573 1423 .
619 1401 636 1420 .
685 1408 700 1422 .
747 1360 787 1442 ἢ
831 1361 999 1442 φαιὰ
1049 1404 1066 1422 .
1115 1407 1127 1420 .
1174 1360 1215 1443 ἢ
1256 1356 1496 1441 μήλινοι
1544 1358 1584 1439 ἢ
1626 1355 1990 1440 γλαύκινα).

1259 1591 1320 1656 4.
1406 1591 1678 1656 VateS.

515 1739 712 1805 Vates
753 1737 960 1803 induti
1007 1746 1191 1804 erant
1237 1739 1635 1821 vestimento,
1680 1736 1851 1820 quod
1874 1740 2228 1803 vocabatur
2253 1735 2537 1820 α’γρηνόν
2553 1735 2626 1819 2).

338 1845 706 1912 Secundum
765 1845 1088 1910 Pollucem
1157 1843 1495 1928 (οἷγρηνόν
1565 1847 1632 1907 τὸ
1680 1841 1817 1926 σ’ἤν
1886 1846 2135 1926 πλέγμα
2181 1845 2251 1920 ἐξ
2294 1845 2484 1925 ἐρίων
2529 1842 2624 1906 δι-

341 1952 615 2026 κτυῶδες
657 1958 800 2033 περὶ
844 1955 980 2015 πᾶν
1011 1954 1077 2015 τὸ
1124 1956 1308 2031 σῶμα
1354 1952 1391 2015 ὃ
1429 1956 1754 2031 Τειρεσίας
1795 1952 2181 2032 ἐπεβάλλετο
2228 1953 2266 2035 ἤ
2297 1974 2385 2025 τις
2429 1950 2628 2023 ἄλλος

341 2060 596 2146 μάντις)
658 2061 819 2125 haec
863 2059 984 2125 fuit
1028 2061 1245 2126 tunica
1290 2060 1628 2125 reticulata
1645 2061 1719 2146 ⁸).

521 2168 623 2233 Ad
668 2188 852 2233 usum
898 2168 1262 2234 scaenicum
1309 2188 1436 2233 non
1483 2168 1886 2234 referendum
1935 2176 2033 2235 est
2073 2169 2232 2233 illud
2263 2167 2433 2251 quod
2464 2187 2630 2232 com-

340 2285 586 2361 pertum
635 2277 945 2342 habemus
991 2274 1276 2357 α’γρηνόν
1318 2296 1359 2341 a
1393 2276 1743 2341 cultoribus
1788 2277 2026 2342 Bacchi
2073 2285 2441 2361 usurpatum
2488 2295 2630 2341 esse

339 2385 664 2452 Favorino
710 2380 1036 2466 (α’γρηνόν.
1085 2387 1194 2443 καὶ
1256 2381 1503 2463 ἔνδυμα
1561 2385 1774 2460 ποιόν,
1820 2383 1855 2445 ὃ
1902 2387 2332 2463 περιτίθενται
2376 2378 2438 2443 οἳ
2480 2386 2632 2460 βακ-

336 2497 620 2575 χεύοντες
682 2498 766 2578 τῷ·
830 2491 1150 2578 Διονύσῳ)
1234 2502 1297 2558 et
1362 2492 1687 2577 Hesychio
1766 2490 2104 2575 (α’γρηνόν,
2167 2489 2546 2563 δικτυοειδές
2590 2490 2627 2553 ὃ

336 2604 772 2685 περιτίθενται
814 2595 877 2662 οἱ
917 2599 1329 2679 βακχεύοντες
1373 2600 1688 2682 Διονύσῳ)
1733 2602 2116 2667 auctoribus.

518 2708 961 2793 Conspicimus
999 2706 1281 2791 α’γρηνόν
1322 2710 1389 2774 in
1427 2710 1618 2792 signo
1647 2709 1921 2793 quodam
1966 2708 2134 2792 quod
2179 2715 2493 2793 repertum
2540 2712 2638 2773 est

347 2820 417 2883 in
463 2803 650 2882 domo
693 2816 1101 2899 Hadriani4).
1188 2817 1372 2895 Quod
1420 2816 1723 2882 Welcker
1764 2819 1868 2899 (A.
1917 2817 1994 2882 D.
2038 2838 2099 2901 p.
2142 2817 2269 2881 336
2315 2818 2500 2881 Anm.
2544 2814 2635 2901 8),

343 2924 744 3011 Apollinem,
786 2923 1042 2990 Wiesel.
1111 2925 1304 3008 (Bull.
1348 2923 1407 2989 d.
1453 2925 1503 2992 Ι.
1558 2927 1719 2991 1847
1768 2947 1826 3010 p.
1873 2927 1981 3009 19)
2042 2926 2345 2990 cultorem
2393 2924 2630 2990 Bacchi

350 3032 763 3100 existimavit.
851 3031 1019 3110 Quia
1080 3031 1159 3097 de
1223 3032 1471 3115 tragico
1541 3033 1847 3098 histrione
1910 3033 2182 3116 cogitari
2228 3052 2353 3097 non
2402 3037 2630 3117 potest,

347 3140 518 3225 quod
541 3139 857 3205 Wieseler
879 3138 1100 3205 statuit
1142 3139 1539 3224 probabilius
1583 3140 1741 3205 mihi
1783 3140 2036 3206 videtur
2077 3148 2368 3225 respectu
2412 3140 2631 3205 habito

342 3249 650 3333 Hesychii
696 3254 761 3313 et
801 3247 1129 3313 Favorini.

489 3491 549 3559 1)
589 3489 779 3557 Oedip.
816 3490 873 3543 in
910 3489 1075 3555 Soph.
1116 3487 1247 3543 Oed.
1288 3488 1401 3544 Col.

491 3584 549 3653 2)
585 3582 668 3637 De
703 3583 807 3637 hac
841 3598 997 3638 voce:
1052 3581 1277 3637 Wiesel.
1317 3584 1375 3636 in
1427 3584 1613 3652 Bergk
1658 3601 1709 3637 u,
1764 3585 1915 3639 Caes.
1968 3584 2181 3638 Ztschr.
2219 3582 2257 3635 f.
2295 3586 2354 3636 A.
2398 3584 2534 3636 1845
2573 3597 2628 3650 p.

351 3677 468 3731 105.
540 3675 740 3729 Bullet.
797 3676 846 3730 d.
888 3676 1021 3730 Inst.
1064 3677 1199 3729 1845
1267 3692 1320 3743 p.
1362 3679 1444 3730 19.
1483 3676 1731 3745 Satyrsp.
1786 3694 1840 3744 p.
1879 3680 1963 3730 93.
2014 3675 2162 3731 Gott.
2203 3691 2253 3742 g.
2295 3677 2427 3729 Anz.
2474 3676 2627 3742 1852,

343 3787 398 3840 p.
430 3771 583 3824 1880.
605 3769 761 3836 1853,
783 3785 835 3835 p.
852 3770 974 3822 671.
1012 3768 1128 3822 Ind.
1151 3769 1321 3823 schol.
1363 3771 1598 3838 1869170
1634 3786 1688 3836 p.
1713 3773 1818 3839 10).
1856 3768 2130 3834 Welcker,
2153 3772 2220 3821 A.
2240 3768 2307 3821 D.
2329 3768 2383 3821 H
2419 3785 2472 3835 p.
2502 3770 2623 3822 335.

492 3863 549 3932 3)
575 3859 825 3917 Ἐνδυιια
877 3866 1105 3913 vocatur
1165 3859 1290 3929 ἀγρ.
1347 3860 1404 3913 in
1454 3859 1635 3929 Etym.
1690 3861 1876 3929 Magn.
1914 3877 1968 3929 p.
2014 3862 2078 3914 14
2116 3857 2352 3930 α’γρηνόν
2389 3862 2632 3913 ποικίλον

348 3954 481 4025 [non
520 3952 777 4022 displicet
801 3951 972 4007 WieS.
1012 3951 1268 4007 conicect.
1306 3952 1343 4005 l.
1381 3967 1430 4006 a.
1470 3968 1524 4021 p.
1569 3954 1634 4006 10
1670 3951 1940 4006 πλόκανον
1978 3969 2078 4022 pro
2096 3956 2339 4005 ποικίλον
2374 3958 2630 4020 respectu

345 4047 534 4102 habito
573 4046 645 4100 ad
701 4044 838 4099 illud
876 4045 1119 4099 Pollucis
1156 4046 1366 4114 πλέγμα
1422 4046 1544 4116 περὶ
1601 4045 1712 4099 πᾶν
1746 4049 1802 4099 τὸ
1840 4046 2020 4117 σῶμα]
2060 4046 2259 4117 ἐρεοῦν,
2319 4047 2632 4107 δικτυοειδὲς

346 4140 439 4192 καὶ
474 4140 681 4211 ἔνδυμα
716 4139 775 4192 δὲ
820 4138 1013 4204 ποιόν,
1076 4137 1222 4206 apud
1277 4138 1512 4210 Hesych.
1570 4139 1801 4210 ἀγρηνά,
1839 4140 2042 4203 δίκτυα,
2078 4139 2170 4192 καὶ
2206 4140 2429 4211 ἔνδυμα.
2502 4140 2631 4195 Sine

347 4231 512 4285 dubio
547 4232 684 4286 haec
718 4230 887 4285 verba
925 4246 992 4284 ex
1030 4230 1218 4284 eodem
1276 4231 1427 4287 fonte
1463 4231 1766 4299 fluxerunt,
1824 4232 1921 4286 sed
1955 4232 2153 4287 Pollux
2190 4233 2387 4286 iterum
2425 4232 2629 4286 fontem

346 4323 666 4378 melimelius
703 4323 949 4378 tradidit.

492 4417 550 4485 4)
588 4413 770 4481 aex-h„
811 4416 935 4470 Ant.
973 4414 1178 4469 nuder.
1218 4415 1352 4468 Tab.
1382 4412 1680 4480 Lxxxrv,
1719 4417 1752 4467 3
1793 4436 1858 4459 =
1896 4413 2345 4470 Meum-wiese.
2381 4414 2448 4467 n.
2489 4413 2539 4469 d.
2580 4429 2631 4469 a.

346 4508 414 4563 K.
450 4508 521 4576 11,
559 4507 623 4562 T.
659 4505 857 4576 xmx,
895 4510 1015 4563 619.
2013 4525 2018 4531 ·
