3125 5000
1488 269 1919 335 ...24-

582 443 702 528 (vs.
746 441 922 526 693).
1007 441 1220 508 Etiam
1264 442 1331 507 in
1375 444 1804 509 monumentis
1865 442 2024 509 artis
2069 441 2449 528 saepissime
2509 462 2750 510 cornua
2794 444 2871 511 in

581 549 788 616 fronte
831 554 1043 635 gestat
1061 549 1132 636 1).

752 660 829 727 In
853 659 1441 726 Eumenidibus
1487 660 1716 728 chorus
1745 661 1967 745 nigras
2009 681 2318 747 personas
2361 667 2696 746 vestesque
2739 662 2874 728 sibi

586 767 813 834 induit.
899 769 1063 834 Nam
1110 769 1411 836 sacerdos
1433 770 1820 837 Eumenides
1865 770 2186 856 aspiciens
2230 770 2549 839 exclamat
2594 772 2716 855 (vs.
2745 770 2864 856 48)

580 876 752 939 οὗτοι
792 887 1138 954 γυναῖκας,
1207 876 1378 941 α’λλά
1425 880 1752 962 Γοργόνας
1808 877 1991 956 λέγω,
2055 876 2190 941 οὐδ’
2272 875 2416 945 αὖτε
2472 880 2863 960 Γοργείοισιν

577 983 810 1048 εἰκάσω
855 987 1095 1060 τύποις.
1183 971 1291 1052 Vs.
1314 985 1399 1052 53
1442 986 1746 1068 μέλαιναι
1790 986 1856 1060 ἐς
1896 987 1964 1049 τὰ
2012 988 2147 1050 πᾶν
2169 985 2241 1073 ²).
2327 988 2551 1071 Itaque
2594 986 2878 1053 indutae·

579 1099 760 1159 erant
800 1092 954 1159 illae
997 1093 1201 1177 nigris
1244 1094 1529 1160 vestibus
1575 1099 1641 1159 et
1684 1093 2009 1179 personis,
2054 1114 2280 1159 manus
2326 1101 2540 1159 autem
2582 1102 2648 1160 et
2690 1094 2859 1160 colla

571 1207 765 1269 uncta
810 1208 991 1268 erant
1034 1203 1219 1287 nigro
1264 1204 1474 1270 colore
1492 1202 1564 1289 ³).
1656 1202 1974 1268 Somiliter
2013 1201 2401 1269 Eumenides
2444 1203 2509 1268 in
2552 1224 2853 1270 vasorum

578 1311 838 1398 picturis
883 1310 1136 1378 effictae
1177 1318 1324 1378 sunt
1344 1310 1416 1397 ⁴).
1503 1311 1834 1377 Pausania
1876 1315 2140 1377 auctore
2165 1309 2506 1396 (Descript.
2531 1312 2757 1379 Graec.
2802 1312 2856 1392 1,

575 1421 678 1506 28,
725 1423 765 1486 6
830 1422 1074 1503 πρῶτος
1139 1419 1214 1483 δέ
1276 1436 1497 1504 σφισιν
1540 1418 1862 1498 Αἰσχύλος
1934 1416 2287 1498 δράκοντας
2343 1419 2637 1504 ἐποίησεν
2696 1419 2859 1501 ὁμοῦ

573 1539 709 1604 ταῖς
749 1529 822 1592 ἓν
864 1535 936 1620 τῇ
981 1528 1229 1619 κεφαλῇ
1278 1530 1493 1611 θριξὶν
1534 1529 1727 1612 εἶναι)
1786 1548 2101 1613 personae
2156 1528 2548 1612 imaginibus
2589 1549 2852 1615 serpen-

574 1639 731 1706 tium
776 1659 1024 1722 quoque
1069 1645 1336 1704 ornatae
1378 1642 1580 1704 erant.
1626 1674 1707 1684 —
1753 1637 1954 1703 Porro
2000 1655 2139 1702 cum
2183 1656 2461 1721 persona
2521 1637 2705 1721 nigro
2750 1659 2852 1704 co-

572 1749 706 1814 lore
753 1753 816 1814 et
861 1767 1002 1813 cum
1048 1747 1250 1832 nigris
1294 1747 1590 1813 manibus
1648 1745 1962 1830 prodiisse
2027 1765 2406 1831 praeconem
2463 1746 2851 1831 Aegyptium

572 1857 639 1924 in
684 1857 903 1942 Suppl.
950 1857 1238 1942 suspicor
1302 1854 1413 1943 (cf.
1455 1876 1548 1921 vs.
1594 1855 1722 1920 719
1785 1855 2100 1934 πρέπουσι
2164 1851 2459 1937 δ’ἄνδρες
2514 1852 2690 1918 νοῖῖοι
2746 1878 2854 1953 με·

575 1965 901 2047 λαγχίμοις
942 1968 1172 2044 γυίοισι
1214 1963 1456 2028 λευκῶν
1498 1963 1571 2026 ἐκ
1615 1961 2062 2044 πεπλωμάτων
2107 1960 2314 2046 ἰδεῖν).

744 2073 1121 2140 Achilles
1166 2073 1247 2140 de
1288 2080 1490 2140 morte
1510 2071 1792 2138 Patrocli
1816 2091 2065 2137 summa
2093 2070 2357 2136 tristitia
2380 2070 2664 2152 affectus,
2709 2094 2852 2159 per-

572 2202 794 2253 sonam
828 2182 1053 2248 ¹tonsis
1116 2202 1256 2247 cum
1323 2180 1576 2266 capillis
1644 2179 1922 2264 gestavit
1986 2178 2173 2261 (Poll.
2220 2178 2329 2263 IV,
2380 2180 2499 2244 141
2541 2177 2853 2260 Ἀχιλλεὺς

569 2290 676 2353 ἐπὶ
696 2289 1052 2376 Πατρόκλῳ
1076 2289 1369 2373 ἄκομος.)
1459 2286 1723 2353 Conicio
1762 2285 1931 2352 hanc
1954 2284 2155 2352 fuisse
2189 2306 2531 2372 personam
2561 2288 2851 2376 Achillis,

570 2400 681 2484 qui
745 2400 811 2465 in
876 2398 1181 2483 Aeschyli
1253 2398 1496 2480 Φρύγες
1560 2398 1601 2479 ἡ·
1645 2394 1928 2477 Ἕκτορος
1995 2392 2187 2477 λύτρα
2249 2395 2433 2461 initio
2496 2402 2717 2463 tacens
2780 2399 2849 2464 in

571 2530 807 2577 scaena
851 2511 1147 2592 sedebat,
1208 2508 1420 2592 capite
1464 2507 1678 2573 velato
1698 2504 1766 2588 ⁵).
1814 2541 1898 2552 --
1945 2505 2112 2570 Num
2158 2504 2388 2571 chorus
2432 2505 2497 2570 in
2544 2507 2850 2593 Aeschyli

569 2619 962 2706 Choephoris
1005 2637 1147 2683 cum
1211 2637 1486 2703 persona
1547 2613 1867 2697 sanguine
1909 2632 2177 2699 aspersa
2234 2634 2609 2699 progressus
2655 2617 2738 2683 sit
2778 2618 2846 2683 in

569 2749 890 2806 scaenam,
937 2748 1067 2794 non
1109 2746 1367 2813 prorsus
1410 2744 1788 2812 persuasum
1834 2723 2061 2790 habeo.
2146 2725 2312 2789 Nam
2353 2726 2552 2791 verba
2597 2727 2716 2811 (vs.
2761 2728 2846 2792 24

492 2910 495 2914 .
574 2839 801 2920 πρέπει
847 2815 1077 2919 παρῇῒς
1123 2838 1400 2919 φοινίοις
1443 2832 1762 2916 α’μυγμοῒς
1805 2829 2030 2911 ὄνυχος
2055 2829 2243 2893 ἄλοκι
2288 2831 2598 2920 νεοτόμῳ)
2643 2837 2848 2919 magis

572 2941 814 3026 poetice
858 2939 1013 3005 mihi
1057 2938 1232 3005 dicta
1275 2938 1575 3006 videntur
1618 2954 1760 3002 esse
1805 2955 1998 3019 quam
2040 2954 2231 3002 sensu
2272 2938 2549 3022 proprio.

1451 3123 1514 3188 b.
1600 3122 1967 3208 Sophocles.

741 3271 991 3354 Tyro:
1048 3266 1272 3333 Genae
1316 3282 1630 3350 personae
1675 3265 1812 3332 eius
1858 3265 2116 3333 fuerunt
2159 3266 2252 3333 ita
2299 3274 2549 3349 unctae,
2593 3278 2665 3337 ut
2710 3293 2853 3340 san-

570 3377 765 3461 guine
822 3375 1110 3442 suffusae
1176 3391 1318 3440 esse
1383 3371 1753 3438 viderentur
1809 3374 1997 3458 (Poll.
2030 3374 2139 3460 IV,
2178 3375 2297 3440 141
2353 3379 2539 3461 Τυρώ
2587 3381 2848 3467 πελιδνὴ

719 3593 774 3663 1)
813 3592 1120 3663 Overbeck‚
1169 3594 1385 3650 Griech.
1442 3594 1849 3664 Kunstmythol.
1899 3594 1954 3647 H
1990 3610 2043 3662 p.
2081 3597 2187 3650 465
2222 3595 2295 3664 fg.
2336 3625 2400 3637 —-
2451 3596 2662 3653 Eodem
2695 3599 2850 3656 modo

574 3685 819 3738 Actaeon
855 3698 1142 3751 personam
1201 3700 1321 3739 cum
1378 3683 1635 3739 cornibus
1689 3683 1818 3737 tulit
1870 3683 2033 3753 (Poll.
2072 3683 2167 3749 IV,
2213 3687 2309 3738 141
2358 3683 2607 3740 Ἀκταίων
2640 3689 2742 3742 ἐστὶ
2775 3707 2853 3741 κε·

570 3772 888 3843 ρασφόρος).

715 3863 771 3930 2)
808 3862 1095 3931 Copiosius
1133 3863 1200 3917 de
1234 3862 1502 3917 furiarum
1536 3862 1730 3916 habitu
1767 3861 2028 3917 disseruit
2046 3863 2317 3919 Wieseler
2352 3865 2410 3919 in
2445 3866 2588 3922 libro
2625 3883 2724 3923 suo
2760 3870 2852 3936 qui

569 3950 916 4005 inscribitur:
981 3952 1343 4007 Coniectanea
1416 3952 1473 4005 in
1552 3951 1810 4021 Aeschyli
1876 3950 2222 4008 Eumenides.
2307 3953 2457 4009 Gott.
2497 3958 2650 4010 1839.
2706 3957 2761 4011 Π
2794 3973 2846 4025 p.

568 4039 847 4095 CXXXIII
883 4055 1031 4110 seqq.

711 4128 768 4197 3)
809 4126 887 4182 Cf.
949 4129 1079 4183 Isid.
1136 4130 1319 4198 Origg.
1359 4130 1426 4197 X,
1468 4131 1573 4184 119
1629 4128 1975 4200 (histriones)
2039 4145 2425 4199 nonnunquam
2486 4139 2540 4186 et
2600 4133 2743 4190 colla
2797 4142 2849 4190 et

568 4231 760 4271 manus
796 4226 1177 4287 perungentes,
1216 4228 1278 4275 ut
1314 4220 1384 4274 ad
1421 4233 1692 4287 personae
1724 4218 1961 4274 colorem
1997 4222 2360 4288 pervenirent.

703 4310 760 4378 4)
798 4308 876 4363 cf.
914 4310 1078 4378 Jahn,
1115 4310 1475 4366 Vasenbilder
1515 4313 1653 4364 1839
1690 4309 1825 4363 Tab.
1869 4310 1910 4364 Ι.
2002 4310 2318 4380 Inghirami‚
2374 4312 2509 4369 Vasi
2543 4313 2648 4370 fitt.
2686 4317 2729 4384 Ι,
2766 4319 2848 4372 60.

704 4398 761 4468 5)
801 4398 878 4452 Cf.
921 4399 1204 4468 Aristoph.
1243 4398 1381 4455 Ran.
1420 4402 1541 4454 911.
1584 4399 1765 4454 Schol.
1824 4399 1894 4453 ad
1945 4400 2143 4456 Aesch.
2200 4400 2380 4457 Prom.
2420 4406 2543 4460 435.
2593 4404 2845 4463 Eustath.

558 4505 611 4557 p.
654 4491 807 4557 1940,
844 4491 928 4543 64.
