3125 5000
1295 311 1676 372 ..γ-..-

342 484 520 571 (Jup.
564 490 731 567 trag.
774 483 956 548 c.4¹.
1001 479 1213 548 Schol.
1258 479 1344 545 ad
1391 480 1448 546 h.
1503 482 1542 547 l.
1587 479 1804 547 adnot.
1849 476 2117 561 χειρῒδες
2162 474 2234 539 δὲ
2277 475 2352 539 τοὶ
2404 476 2631 547 κοινοῖς

340 593 652 675 λεγόμενα
694 593 965 674 μανίκια
991 588 1092 675 ι)).

510 701 642 767 Sub
684 699 902 765 tunica
947 698 1290 764 histriones
1336 703 1404 762 ut
1449 695 1806 763 crassitudo
1852 695 2135 780 corporis
2181 697 2490 776 aequaret
2535 692 2627 757 al·-

338 808 677 877 titudinem
740 808 851 891 (de
895 808 1110 873 saltat.
1158 827 1206 872 c.
1253 807 1332 871 27
1403 804 1764 888 προσθετὴν
1831 808 1938 865 καὶ
1993 801 2385 889 ἐπιτεχνητὴν
2431 796 2630 880 παχύ·

337 935 485 997 τητα
528 911 1076 993 προσποιούμενος
1121 908 1206 983 ὥς
1249 911 1335 992 μὴ
1379 915 1486 974 τοῦ
1543 908 1781 993 μήκους
1823 907 1859 991 ἦ
1908 906 2249 994 α’ῥρυθμία
2305 905 2376 967 ἓν
2422 904 2632 989 λεπτῷ

341 1020 595 1102 μᾶλλον
639 1020 981 1104 ἐλέγχοιτο)
1027 1038 1129 1084 res
1174 1019 1549 1102 gestabant,
1617 1037 1887 1101 quarum
1932 1016 2195 1083 nomina
2240 1019 2388 1081 sunt
2435 1013 2629 1079 haec:

232 1194 243 1199 -
344 1129 820 1213 προστερνίδια,
867 1127 1362 1211 προγαστρίδια,
1432 1128 1746 1207 σωμάτια.
1861 1124 2031 1204 Quid
2099 1123 2225 1189 sibi
2290 1122 2447 1188 velit
2501 1142 2628 1189 vox

342 1236 818 1320 προστερνίδιον
862 1242 977 1303 aut
1020 1235 1509 1319 προγαστρίδιον
1553 1234 1748 1303 facile
1793 1233 2196 1320 perspicitur.
2283 1233 2447 1298 Nam
2480 1249 2625 1297 cum

335 1346 614 1412 feminae
678 1346 744 1411 in
806 1364 1109 1410 scaenam
1174 1364 1302 1410 non
1361 1343 1693 1427 prodirent
1754 1342 1926 1426 apud
1985 1341 2265 1407 Graecos
2331 1338 2440 1424 (de
2484 1337 2627 1405 salt.

338 1470 390 1515 ο.
438 1452 522 1516 28
588 1451 654 1512 τὰ
704 1448 950 1532 ἄνδρας
996 1448 1187 1521 ὄντας
1228 1456 1535 1524 γυναῖκας
1579 1448 1953 1527 μιμεῖσθαι,
2022 1444 2241 1507 κοινὸν
2296 1444 2472 1506 τοῦτο
2518 1443 2626 1503 καὶ

336 1561 438 1642 τῆς
482 1557 837 1643 τραγῳδίας
903 1559 1010 1618 καὶ
1053 1558 1158 1638 τῆς
1221 1554 1557 1640 κωμῳδίας
1617 1554 1895 1637 ἔγκλημα
1943 1554 2026 1615 ἄν
2066 1554 2160 1636 εἴη
2180 1551 2252 1638 2),
2312 1550 2450 1617 fieri
2493 1570 2624 1617 non

335 1668 573 1751 potuit,
635 1666 789 1749 quin
852 1664 1195 1729 histriones
1240 1662 1630 1729 effarciendo
1687 1663 2019 1729 mulierum
2064 1678 2375 1726 mammas
2418 1657 2625 1725 imita-

333 1782 569 1842 rentur.
669 1773 903 1852 Quare
926 1777 1144 1857 pectus
1185 1771 1713 1855 amplificabatur,
1758 1767 2232 1855 προστερνίδιον
2255 1768 2626 1862 vocabatur,

337 1888 558 1949 contra
604 1879 1090 1963 προγαστρίδιον
1134 1899 1362 1945 nomen
1409 1878 1530 1947 fuit
1576 1880 1712 1945 eius
1755 1880 1848 1945 rei
1895 1899 2022 1962 qua
2053 1876 2449 1943 efficiebatur
2470 1874 2625 1943 arti-

335 1990 558 2056 ficiosa
600 1989 837 2056 ventris
879 1988 1255 2054 crassitudo,
1344 1989 1430 2053 At
1474 1987 1629 2072 quid
1673 1987 1754 2052 de
1794 2006 1952 2053 voce
1983 1988 2302 2067 σωμάτιον
2340 1985 2626 2051 iudican-

337 2100 484 2167 dum
530 2099 672 2164 est?
761 2098 944 2163 Alius
997 2096 1192 2163 aliam
1257 2097 1850 2181 interpretationem
1908 2096 2170 2180 protulit
2194 2094 2262 2178 3).
2354 2095 2436 2159 Et
2480 2114 2621 2178 pro-

334 2209 498 2274 fecto
561 2205 981 2273 fundamenta
1043 2212 1177 2271 tam
1235 2206 1485 2272 incerta
1551 2212 1732 2291 sunt,
1792 2212 1861 2270 ut
1919 2205 2079 2270 nihil
2125 2205 2280 2271 certi
2326 2203 2623 2269 constitui

332 2316 551 2401 possit.
639 2314 770 2380 Sed
834 2312 1004 2397 quod
1063 2314 1219 2378 mihi
1281 2314 1808 2379 verisimillimum
1852 2313 2121 2397 videtur,
2165 2312 2386 2397 paucis
2430 2331 2624 2396 expo-

337 2445 506 2490 nam.
593 2423 914 2489 Lucianus
960 2421 1027 2487 in
1075 2420 1436 2489 enarrando
1483 2422 1706 2487 habitu
1750 2421 2044 2489 scaenico
2090 2420 2410 2503 σωμάτιον
2460 2439 2623 2484 com-

334 2538 638 2598 memorat
703 2551 834 2597 una
892 2551 1033 2595 cum
1091 2549 1249 2595 voce
1310 2530 1769 2613 προγαστρίδια
1836 2533 2010 2615 (Jup.
2069 2536 2235 2612 trag.
2283 2550 2336 2593 c.
2381 2530 2463 2595 41
2513 2531 2621 2592 καὶ

331 2638 613 2721 χειρῖδας
655 2642 761 2699 καὶ
806 2636 1264 2720 προγαστρίδια
1309 2641 1416 2699 καὶ
1461 2638 1751 2720 σωμάτια
1777 2640 1831 2722 4)
1878 2643 1985 2701 καὶ
2030 2636 2234 2700 τᾶλλα
2278 2634 2368 2710 οἷς
2390 2637 2620 2700 ἐκεῖνοι

333 2748 706 2827 σεμνύνουσι
747 2748 856 2829 τὴν
897 2745 1306 2833 τραγῳδίαν).
1394 2747 1463 2813 Si
1524 2749 1692 2814 hunc
1749 2749 1956 2816 locum
2012 2747 2239 2813 ducem
2281 2745 2621 2830 sequimur,

333 2854 655 2938 σωμάτιον
697 2878 739 2921 a
782 2855 1215 2940 progastridio
1259 2856 1401 2941 ipso
1446 2856 1769 2924 diversum
1815 2858 1965 2940 fuit,
2010 2856 2126 2924 sed
2170 2856 2378 2923 simile
2423 2854 2618 2940 quod-

332 2966 481 3032 dam
524 2963 912 3048 signifieavit
955 2961 1075 3048 (οἷς
1117 2963 1344 3027 ἐκεῖνοι
1391 2964 1767 3045 σεμνύνουσι
1812 2963 1922 3049 τῆν
1965 2963 2374 3049 τραγῳδίαν).

332 3239 429 3281 nes
487 3225 752 3294 quaedam
803 3235 1056 3279 manuum
1110 3224 1371 3293 (Boettig.
1426 3223 1514 3277 Kl.
1573 3223 1726 3278 Schr.
1784 3223 1826 3290 Ι,
1867 3227 1988 3278 201.
2047 3224 2324 3293 Schneid.,
2381 3223 2619 3278 Attisch.

336 3318 528 3373 Theat.
568 3335 621 3387 p.
664 3318 819 3387 160),
878 3317 975 3372 sed
1011 3316 1195 3385 potius
1241 3316 1515 3384 manicae,
1571 3329 1711 3384 quae
1761 3317 2021 3372 bracchia
2075 3334 2247 3386 usque
2301 3317 2373 3372 ad
2425 3331 2617 3373 manus

334 3410 609 3478 tegebant.

481 3502 535 3572 1)
569 3505 797 3572 μανίκια
835 3500 1127 3571 (manicae)
1180 3516 1285 3555 vox
1342 3501 1459 3554 sine
1497 3499 1664 3555 dubio
1721 3516 1751 3555 e
1788 3501 2162 3557 Romanorum
2210 3519 2313 3558 usu
2370 3502 2618 3557 derivata

333 3596 517 3663 docet,
557 3595 725 3649 schol.
764 3593 935 3650 fuisse
970 3594 1290 3648 Romanum.
1346 3594 1519 3661 Quam
1558 3596 1671 3648 rem
1709 3594 1964 3651 admonui
2001 3596 2314 3664 explicandi
2346 3596 2496 3650 illius
2531 3614 2620 3649 κο·

331 3691 554 3761 θόρνων
590 3702 757 3741 causa
795 3686 1061 3755 quomodo
1100 3688 1252 3741 nasci
1290 3687 1535 3755 potuerit
1572 3689 1629 3741 in
1669 3688 1848 3743 Somn.
1888 3706 1933 3744 c.
1959 3693 2028 3744 26
2068 3688 2134 3744 cf.
2175 3706 2228 3758 p.
2256 3691 2306 3746 6.
2346 3688 2469 3743 adn.
2507 3689 2581 3758 2).

480 3783 538 3852 2)
577 3781 656 3835 cf.
694 3781 895 3834 Donat.
932 3779 1002 3834 ad
1038 3780 1256 3834 Terent.
1291 3779 1462 3834 Andr.
1499 3780 1594 3847 IV,
1631 3784 1680 3835 3.

473 3875 537 3944 3)
566 3874 868 3940 Wieseler,
907 3872 1154 3942 Satyrsp.
1193 3888 1246 3940 p.
1290 3875 1407 3925 188.
1486 3872 1928 3943 Sommerbrodt,
1969 3875 2158 3930 Scaen.
2198 3893 2250 3944 p.
2294 3878 2411 3930 197.
2474 3874 2620 3929 Wie-

333 3971 507 4035 seler,
546 3967 695 4022 Gott.
735 3964 840 4034 gel.
876 3967 1012 4018 ΑΗΖ.
1044 3966 1179 4019 1852
1217 3981 1270 4033 p.
1299 3967 1452 4019 1888.
1505 3968 1570 4020 A.
1609 3968 1841 4038 Muller,
1878 3969 2147 4038 Philolog.
2186 3969 2388 4036 XXIII,
2424 3985 2476 4037 p.
2495 3970 2616 4022 527.

332 4063 587 4128 Wiesel.,
625 4060 742 4114 Ind.
783 4058 954 4112 schol.
979 4058 1165 4129 18·”Ἰ70
1203 4074 1255 4126 p.
1280 4061 1328 4112 6.
1369 4060 1428 4112 A.
1452 4059 1675 4128 Mulier,
1710 4061 1981 4131 Philolog.
2017 4063 2138 4118 Vol.
2176 4061 2399 4128 XXXV,
2421 4077 2472 4128 p.
2496 4061 2617 4114 351.

472 4155 530 4222 4)
569 4153 645 4206 In.
672 4151 790 4206 cod.
828 4150 1001 4204 Marc.
1042 4151 1145 4203 435
1201 4148 1294 4202 καὶ
1326 4149 1570 4218 σωμάτια
1608 4152 1819 4207 desunt.
1911 4153 2258 4209 Probabilius
2306 4152 2438 4205 mihi
2474 4151 2619 4205 vide-

329 4252 422 4300 tur
455 4246 562 4301 hoc
596 4246 718 4301 loco
755 4244 970 4312 lapsum
1007 4243 1224 4297 librarii
1250 4244 1602 4298 statuendum
1637 4260 1772 4312 esse,
1811 4246 1939 4313 quia
1973 4246 2080 4301 duo
2117 4245 2285 4300 verba
2320 4246 2378 4298 in
2402 4245 2618 4299 easdem

329 4328 546 4394 l'itteras
584 4343 784 4392 exeunt
822 4352 983 4406 quam
1034 4336 1349 4390 existimare
1400 4335 1486 4405 (ut
1524 4336 1851 4391 Sommerbr.
1891 4337 2080 4393 Scaen.
2131 4354 2185 4406 p.
2223 4338 2352 4407 275)
2388 4336 2481 4389 καὶ
2518 4351 2617 4388 σω-

326 4431 493 4505 savina
529 4430 588 4483 in
625 4436 750 4484 cett.
789 4428 942 4485 codd.
982 4427 1412 4484 additamentum
1449 4444 1601 4498 esse,
1641 4431 1970 4500 praesertim
2011 4447 2133 4488 cum
2170 4431 2289 4487 cod.
2326 4430 2499 4485 Marc.
2533 4443 2616 4483 me

327 4524 541 4596 quidem
577 4521 756 4578 iudice
794 4522 993 4577 ceteris
1031 4537 1140 4577 non
1177 4528 1437 4590 praestet.
