3125 5000
1492 323 1922 387 -12-
2641 268 3034 474 s

3109 448 3110 505 1

547 487 715 561 εἷκὸς
765 491 908 563 τοὺς
947 491 1257 573 ἡμιθέους
1299 501 1428 564 τοῖς
1487 491 1723 574 ῥήμασι
1768 493 2005 573 μείζοσι
2050 497 2338 578 χρῆσθαι
2386 500 2512 559 Καὶ
2554 497 2678 578 γὰρ
2722 506 2853 571 τοῖς

548 593 818 675 ἱματίοις
862 597 1043 681 ἡμῶν
1083 602 1356 680 χρῶνται
1382 599 1552 667 πολὺ
1594 604 2077 688 σεμνοτέροισιν,
2103 604 2184 670 dc
2208 604 2433 670 habitu
2467 605 2629 681 nihil
2653 605 2853 671 'aliud

549 704 843 775 concludi
902 713 1113 791 potest
1155 728 1347 791 quam
1391 708 1661 793 pallium
1704 708 2082 775 histrionum
2126 713 2518 795 tragicorum
2566 711 2849 797 splendi-

548 809 692 878 dius
736 812 936 880 fuisse
980 814 1266 881 vestibus
1310 814 1670 882 cotidianis.

727 919 993 987 Meliore
1050 942 1131 987 ex
1193 922 1370 988 fonte
1428 942 1622 1006 quam
1683 922 1900 988 omnia
1968 943 2136 1007 quae
2194 924 2409 991 adhuc
2479 933 2852 993 enumerata

551 1036 700 1093 sunt
763 1029 926 1094 alter
968 1031 1144 1097 locus
1205 1031 1378 1097 vitae
1422 1030 1729 1115 Aeschyli
1788 1030 2112 1117 (Dindorf,
2158 1032 2368 1100 Schol.
2414 1032 2498 1101 ad
2540 1034 2839 1120 Aeschyl.

555 1153 616 1217 p.
661 1133 719 1198 6.
747 1134 815 1217 7)
860 1136 1149 1215 (Πρῶτος
1194 1133 1514 1214 Αἰσχύλος
1558 1133 1806 1198 πάθεσι
1854 1135 2294 1212 γενικωτάτοις
2337 1139 2450 1221 τῆν
2490 1137 2857 1223 τραγῳδίαν

554 1238 881 1325 Ιιῗπηίἷξησε,
928 1241 1039 1325 τὴν
1085 1241 1156 1305 δὲ
1218 1245 1449 1327 σκηνὴν
1491 1244 1798 1326 ἐκόσμησε
1842 1247 1951 1305 καὶ
1993 1243 2104 1327 τὴν
2147 1243 2313 1329 ὄψιν
2347 1248 2474 1308 τῶν
2504 1248 2858 1322 θεωμένων
2957 1329 2964 1334 ς

556 1349 904 1433 κατέπληξε
949 1355 1019 1439 τῇ
1064 1350 1468 1436 λαμπρότητι,
1513 1362 1800 1435 γραφαῖς
1846 1361 1951 1414 καὶ
1974 1363 2310 1437 μηχαναῖς,
2356 1356 2595 1435 βωμοῖς
2638 1378 2701 1417 τε
2745 1357 2855 1417 καὶ

553 1448 806 1539 τάφοις,
829 1457 1192 1535 σάλπιγξιν,
1215 1458 1528 1539 εἰδώλοις,
1571 1459 1864 1543 Ἐρινύσι,
1919 1459 2065 1535 τοιῖς
2090 1484 2152 1524 τε
2189 1460 2531 1545 ὑποκριτὰς
2558 1471 2781 1542 χειρῖσι
2801 1459 2853 1551 ¹)

551 1566 874 1637 σκεπάσας
899 1571 1003 1628 καὶ
1045 1571 1129 1652 τῷ
1177 1567 1442 1647 σόρματι
1462 1568 1513 1653 ²)
1558 1569 1919 1647 ἐξογκιόσας
1952 1568 2189 1649 μείζοσί
2232 1592 2294 1632 τε
2337 1578 2464 1644 τοῖς
2508 1569 2854 1654 κοθόρνοις

550 1676 930 1756 μετεωρίσας
973 1673 1088 1739 κτὲ’
1133 1677 1399 1744 haustus
1445 1684 1541 1744 est
1555 1680 1630 1763 5).

732 1782 1098 1848 Secundum
1145 1785 1308 1849 baec
1352 1786 1552 1850 verba
1601 1785 1960 1870 Aeschylus
2029 1786 2372 1853 cothurnos
2416 1808 2543 1852 non
2590 1786 2855 1873 invenit,

554 1889 667 1955 sed
712 1892 924 1975 potius
971 1893 1064 1958 eis
1109 1893 1413 1958 maiorem
1449 1901 1695 1958 tantum
1740 1894 2144 1960 altitudinem
2188 1894 2386 1961 dedit.
2471 1896 2606 1962 Nec
2635 1895 2851 1962 minus

554 2000 890 2083 probabile
933 2006 1030 2066 est
1089 2007 1347 2085 poetam
1391 2002 1675 2081 χειρῖδας
1718 2011 1782 2068 et
1827 2004 2107 2068 tunicam
2155 2004 2447 2070 effertam
2488 2003 2855 2071 induxisse:

559 2126 725 2189 quae
769 2126 871 2173 res
894 2107 1152 2172 fuerunt
1172 2109 1589 2189 necessariae,
1637 2110 1789 2194 quia
1822 2110 2093 2176 altitudo
2126 2111 2502 2177 histrionum
2528 2111 2857 2178 cothurnis

560 2222 753 2279 aucta
797 2223 951 2281 erat.
1041 2216 1280 2294 Quales
1322 2237 1636 2302 personae
1682 2218 1918 2284 fuerint
1938 2220 2240 2306 Aeschyli
2282 2220 2693 2304 temporibus,
2736 2219 2859 2286 hoc

553 2324 696 2390 loco
741 2346 868 2391 non
914 2326 1349 2410 comperimus.
1437 2327 1506 2392 Si
1556 2327 1824 2392 Suidam
1874 2327 2098 2393 ducem
2143 2329 2499 2413 sequimur,
2543 2328 2655 2394 ille
2698 2349 2837 2412 per·

562 2452 755 2499 sonas
801 2453 1032 2518 graves
1076 2442 1140 2500 et
1183 2434 1501 2500 coloribus
1531 2436 1697 2500 inter
1740 2456 1809 2503 se
1853 2435 2189 2503 distinctas
2216 2437 2464 2504 invenit
2488 2435 2863 2524 (Αἰσχύλος

556 2538 737 2615 οὗτος
797 2548 1041 2626 πρῶτος
1097 2540 1239 2624 εὗρε
1298 2531 1674 2625 προσωπεῖα
1737 2544 1915 2608 δεινοὶ
1986 2551 2092 2607 καὶ
2146 2545 2435 2626 χρώμασι
2482 2546 2856 2626 κεχρισμένα

558 2651 722 2731 ἔχειν
779 2652 921 2723 τοὺς
966 2655 1297 2730 τραγικοὺς
1341 2649 1505 2734 κιὲ);
1554 2652 1725 2736 quod
1768 2672 1882 2737 per
1927 2672 1998 2718 se
2021 2653 2229 2738 ipsum
2277 2653 2626 2719 verisimile
2672 2652 2856 2734 est4).

556 2760 719 2824 Tum
765 2759 818 2824 si
867 2758 1101 2826 Suidas
1164 2759 1362 2824 tradit
1410 2760 1754 2842 Φρύνιχος’
1811 2754 1988 2833 οὗτος
2032 2761 2105 2822 δὲ
2165 2763 2412 2840 πρῶτος
2458 2757 2494 2822 o‘
2545 2759 2856 2840 Φρύνιχος

703 2953 758 3023 1)
787 2956 989 3023 χειρῖσι
1024 2959 1172 3007 recte
1209 2955 1441 3009 coniecit
1477 2971 1580 3023 pro
1629 2959 1779 3025 χειρί
1813 2953 1999 3009 Ritter
2038 2953 2109 3007 ad
2144 2953 2366 3024 Didymi
2402 2969 2588 3022 opusc.
2626 2969 2681 3021 p.
2723 2955 2845 3007 159.

699 3045 757 3114 2)
795 3045 851 3098 in
890 3046 1097 3114 σώματι
1134 3054 1453 3114 corruptum
1512 3047 1571 3099 in
1608 3046 1918 3100 Robortelli
1966 3045 2092 3099 edit.
2133 3046 2302 3100 schol.
2342 3045 2409 3099 cf.
2447 3042 2689 3099 Dindorf
2720 3046 2756 3099 1.
2794 3061 2844 3099 a.

557 3154 610 3206 p.
648 3141 697 3192 7.
771 3137 881 3192 Pro
922 3139 1189 3209 σώματι
1243 3140 1590 3193 coniecerunt
1627 3138 2014 3193 Westermann
2062 3137 2197 3207 (Vit.
2237 3138 2427 3206 script.
2487 3136 2679 3192 Graec.
2719 3139 2846 3191 min.

558 3230 681 3285 adn.
720 3230 791 3284 ad
833 3247 909 3285 vs.
949 3231 1042 3300 78)
1080 3235 1346 3302 σωματίῳ,
1380 3231 1605 3285 Wiesel.
1658 3230 1798 3301 (Ind.
1841 3232 1994 3285 schol
2037 3230 2223 3300 1869170
2270 3229 2420 3285 Gott.
2459 3246 2512 3298 p.
2544 3231 2602 3300 5)
2641 3232 2839 3302 ζώμαπ

559 3322 666 3377 Sed
703 3324 832 3391 quia
867 3322 1116 3394 σόρμαπ,
1153 3324 1298 3393 quod
1334 3325 1392 3377 in
1428 3324 1547 3379 cod.
1586 3330 1793 3391 exstat,
1849 3323 2113 3391 optimum
2155 3338 2373 3378 sensum
2425 3323 2685 3392 praebet,
2742 3340 2852 3378 non

558 3415 737 3490 video⁸
756 3431 978 3470 causam
1014 3416 1275 3471 mutandi.

706 3507 763 3576 8)
801 3508 955 3562 Inter
993 3523 1175 3563 omnes
1215 3515 1431 3564 constat
1466 3510 1609 3562 hanc
1647 3509 1905 3579 Aeschyli
1941 3509 2109 3562 vitam
2154 3523 2222 3563 ex
2258 3507 2646 3566 diversissimis
2683 3509 2854 3577 scrip-

558 3599 771 3654 toribus
808 3599 1065 3654 collatam
1104 3615 1238 3654 esse.
1311 3600 1571 3654 Potestne
1611 3600 1749 3667 fieri,
1812 3607 1872 3653 ut
1910 3600 2029 3668 quis
2069 3599 2235 3654 fuerit
2273 3607 2465 3655 auctor
2503 3600 2696 3654 horum
2733 3615 2849 3654 ver-

558 3692 752 3747 borum
790 3677 1172 3760 suspicemur?
1247 3693 1492 3761 Propter
1543 3694 1693 3747 vocis
1734 3692 1996 3761 κόθορνος
2032 3708 2190 3746 usum
2229 3692 2477 3747 conicere
2512 3692 2643 3746 licet
2678 3692 2842 3745 verba

559 3784 784 3840 fluxisse
826 3802 856 3840 e
891 3785 1042 3840 fonte
1079 3786 1343 3854 Romano,
1383 3788 1510 3854 quia
1548 3802 1763 3855 semper
1799 3786 2034 3841 Romani
2070 3784 2308 3854 ἓμβάτην
2350 3782 2682 3838 Graecorum
2720 3799 2850 3839 voce

561 3878 816 3932 cothurni
853 3879 1181 3946 significant.
1261 3879 1386 3933 Etsi
1424 3880 1666 3948 scriptor
1702 3896 1809 3933 non
1846 3879 2125 3933 Romanus
2164 3878 2283 3946 ipse
2322 3883 2422 3944 est,
2461 3883 2643 3929 tamen
2680 3875 2849 3929 fuisse

548 3972 831 4026 hominem
890 3971 959 4024 ab
1015 3973 1262 4039 Augusto
1315 3971 1524 4027 Romae
1575 3971 1862 4025 educatum
1913 3971 2165 4026 conicere
2216 3970 2371 4023 licet:
2435 3967 2634 4021 Jubam
2669 3981 2851 4034 regem

559 4064 970 4131 Mauretaniae,
1023 4064 1113 4131 qui
1164 4064 1388 4132 scripsit
1431 4064 1632 4118 librum
1686 4064 1808 4132 περὶ
1857 4063 1941 4128 τῆς
1993 4067 2265 4131 θεατρικῆς
2304 4063 2558 4128 ἱστορίας.
2629 4059 2858 4115 Accedit

564 4157 709 4227 quod
761 4159 926 4226 paulo
974 4166 1101 4226 post
1158 4159 1216 4212 in
1252 4157 1370 4212 cod.
1416 4157 1560 4211 Med.
1601 4157 1951 4211 inveniuntur
2000 4156 2169 4210 verba
2204 4156 2261 4208 ἐκ
2301 4155 2386 4218 τῆς
2418 4157 2680 4224 μουσικῆς
2717 4153 2854 4205 ἱστο-

562 4253 684 4320 ρίας
728 4280 785 4291 -
830 4267 898 4304 ex
934 4250 1112 4305 Jubae
1147 4252 1291 4306 libro
1328 4266 1521 4306 censeo
1559 4281 1649 4314 —,
1686 4265 1824 4317 quae
1861 4265 1970 4306 non
2008 4248 2078 4302 ad
2117 4263 2181 4303 ea
2221 4261 2360 4316 quae
2399 4250 2717 4314 sequuntur,
2758 4244 2854 4299 sed

566 4344 636 4401 ad
678 4361 744 4399 ea
783 4360 922 4413 quae
961 4345 1287 4399 antecedunt
1326 4344 1615 4399 referenda
1654 4350 1795 4399 sunt.

706 4441 763 4509 4)
802 4437 927 4492 Jam
965 4437 1238 4492 Eumarus
1278 4439 1491 4505 pictor,
1555 4439 1648 4505 qui
1705 4436 1893 4491 floruit
1949 4452 2000 4490 a.
2040 4437 2146 4489 530
2181 4450 2234 4489 a.
2272 4433 2398 4487 Chr.
2438 4449 2490 4488 n.
2529 4430 2760 4487 feminas
2799 4438 2854 4486 et

485 4555 498 4602 ζ
561 4530 708 4585 viros
747 4532 803 4583 in
840 4531 1081 4598 picturis
1121 4530 1394 4585 coloribus
1435 4530 1792 4584 discreverat.
