3125 5000
1264 313 1683 381 ...g-39...

323 489 626 555 stimenta
670 524 753 536 —-
799 494 869 552 ut
911 487 1042 552 iam
1087 507 1124 553 e
1169 486 1424 554 nomine
1470 488 1679 553 elucet
1707 522 1791 535 -—
1822 484 2342 572 splendidissime
2385 491 2613 552 ornata

323 602 525 662 erant.
612 595 859 677 χλαμύς
920 595 1038 660 illa
1100 593 1540 679 χρυσόπαστος
1613 595 1807 662 etiam
1866 615 1910 660 a
1953 594 2240 660 Luciauo
2284 594 2452 660 inter
2497 613 2609 679 ap-

322 685 633 790 paratum
660 703 1023 771 scaenicum
1071 710 1478 770 enumeratur
1522 702 1766 789 (Somn.
1810 724 1863 769 c.
1904 703 2008 769 26.
2051 703 2332 788 Menipp.
2380 722 2431 768 c.
2478 701 2609 790 16).

323 812 559 886 στατός.
647 812 959 879 Wieseler
1004 811 1169 896 (Ind.
1226 812 1424 877 schol.
1462 811 1631 877 Gott.
1679 812 1964 892 1869s70
2008 832 2070 896 p.
2094 812 2163 894 9)
2210 829 2310 876 me
2354 809 2612 893 quidem

320 919 533 987 iudice
577 921 712 986 iure
759 911 1044 1004 censuit,
1091 919 1315 982 στατόν
1358 919 1560 985 fuisse
1616 917 1960 1004 chlamyda
2005 919 2198 1001 longe
2239 916 2608 1004 dependen«

319 1034 449 1094 tem
473 1028 543 1114 1).
631 1031 906 1111 φοινικίς
948 1026 1072 1093 fuit
1117 1035 1187 1094 ut
1230 1027 1362 1094 iam
1408 1047 1444 1094 e
1489 1027 1750 1094 nomine
1804 1026 2210 1113 perspicuum
2269 1025 2607 1093 vestimen-

316 1144 450 1203 tum
491 1137 762 1223 puniceo
785 1136 1038 1227 colore.

996 1374 1097 1446 II.
1184 1366 1551 1443 Ἔκσκευοι
1604 1369 1925 1462 ἐσθῆτες.

1136 1520 1192 1582 1.
1278 1516 1422 1581 Dii
1465 1521 1536 1580 et
1582 1513 1795 1579 deae.

494 1689 789 1760 Bacchus
847 1669 1044 1774 supra
1102 1686 1396 1751 ποικίλον
1465 1687 1734 1772 pallium
1795 1700 2018 1752 croceo
2060 1685 2318 1768 colore,
2378 1682 2612 1750 deinde

319 1798 645 1881 cingulum
694 1796 996 1880 gestabat
1041 1804 1104 1862 et
1147 1816 1340 1861 manu
1384 1794 1591 1860 tenuit
1651 1794 1939 1878 thyrsum
1958 1791 2047 1879 2);
2095 1792 2128 1855 ὁ
2176 1791 2247 1856 δὲ
2293 1792 2602 1876 κροκωιὸς

318 1902 604 1986 {facinav-
651 1902 959 1976 Διόνυσος
1004 1903 1074 1966 δὲ
1143 1901 1310 1988 αὐτῷ
1376 1903 1597 1985 ἐχρῆτο
1661 1905 1768 1963 καὶ
1821 1900 2280 1984 μασχαλιστῆρι
2344 1897 2604 1984 nivem?

323 2017 432 2075 καὶ
491 2013 757 2098 θύρσῳ).
845 2012 1092 2079 Becker
1176 2011 1396 2096 (Char.
1438 2011 1536 2074 III
1605 2008 1632 2047 3
1671 2028 1733 2094 p.
1778 2007 1935 2093 252)
2020 2007 2337 2092 κροκωτόν
2409 2007 2607 2075 fuisse

321 2116 572 2202 ἱμάτιον
617 2138 893 2187 errorem
940 2121 1282 2187 existimat.
1373 2120 1513 2186 Non
1586 2126 1786 2203 recte,
1847 2136 1999 2183 nam
2050 2115 2361 2201 κροκωτός
2403 2116 2606 2199 signi·

323 2228 474 2294 ficat
518 2236 587 2294 ut
632 2232 835 2304 ξυστίς
881 2250 1009 2295 non
1054 2228 1358 2315 formam,
1426 2226 1540 2294 sed
1587 2228 1861 2297 colorem
1926 2227 2064 2292 sive
2110 2231 2419 2291 ornatum.
2503 2225 2604 2290 De

320 2338 546 2404 ceteris
593 2338 717 2403 diis
763 2345 826 2404 et
871 2338 1113 2404 deabus
1159 2338 1389 2404 Pollux
1459 2335 1622 2401 nihil
1682 2333 1896 2402 tradit.
1983 2333 2168 2414 Quod
2237 2332 2319 2398 de
2381 2332 2606 2398 habitu
2704 2336 2710 2341 ”

321 2467 537 2514 eorum
584 2468 620 2514 e
665 2445 903 2512 fabulis
949 2447 1175 2532 elucet,
1219 2445 1348 2513 iam
1393 2462 1592 2530 supra
1637 2443 1986 2511 attulimus.

1004 2638 1065 2702 2.
1151 2637 1406 2723 Reges
1450 2642 1530 2703 et
1571 2637 1913 2721 reginae.

503 2768 715 2851 Reges
777 2766 1306 2851 significabantur
1364 2775 1541 2833 veste
1608 2769 1709 2833 cui
1777 2783 2006 2833 nomen
2063 2771 2203 2832 erat
2269 2762 2604 2844 κόλπωμα.

319 2873 697 2958 (κόλπωμω
765 2876 801 2937 ὃ
855 2872 1020 2956 ὑπὲρ
1080 2877 1152 2938 τοὶ
1215 2876 1474 2938 ποικίλα
1544 2874 1911 2937 ἓνεδέδυντο
1976 2872 2039 2936 οἳ
2097 2871 2333 2957 Ἀτρεζς
2393 2874 2501 2933 καὶ
2545 2868 2609 2933 οἳ

317 2981 783 3066 Ἀγαμέμνονες
827 2987 934 3045 καὶ
980 2981 1119 3046 ὅσοι
1162 2989 1449 3047 τοιοῦτοι.
1537 2982 1870 3050 Of.Cram.
1905 2980 2148 3049 Anecd.
2189 2981 2335 3046 Par.
2377 2981 2430 3064 1,
2480 2980 2606 3063 19.)

322 3091 683 3158 Secundum
706 3092 901 3157 Wies.
944 3093 1104 3157 haec
1133 3092 1256 3158 fuit
1293 3092 1511 3157 tunica
1553 3092 1647 3156 ita
1691 3092 1920 3173 cincta,
1964 3097 2034 3156 ut
2077 3090 2284 3155 sinum
2326 3087 2610 3153 efficeret

321 3200 489 3285 (Ind.
533 3201 728 3266 schol.
775 3201 945 3266 Gott.
993 3199 1326 3287 1869s70).
1414 3200 1518 3265 Me
1575 3199 1827 3284 quidem
1869 3198 2082 3264 iudice
2125 3198 2436 3277 κόλπωμα
2480 3214 2609 3260 non

320 3316 460 3374 erat
505 3310 754 3394 cincta,
798 3309 915 3375 sed
974 3310 1192 3375 tunica
1256 3329 1492 3394 parva,
1539 3328 1706 3392 quae
1752 3323 1950 3391 usque
1994 3304 2079 3372 ad
2122 3306 2445 3389 cingulum
2490 3302 2603 3369 de-

322 3416 609 3501 pendens
663 3422 890 3502 pectus
935 3418 1199 3501 tegebat
1211 3416 1284 3502 ⁸).
1369 3418 1535 3483 Nam
1582 3414 1891 3482 eiusmodi
1915 3421 2156 3481 vestem
2185 3432 2372 3498 reges
2415 3431 2603 3496 prae·
2653 3417 2655 3419 ’

321 3525 506 3611 cipue
551 3525 842 3592 Priamus
905 3527 973 3592 in
1017 3546 1151 3592 vas.
1195 3526 1344 3612 pict.
1387 3527 1648 3611 saepius
1692 3529 1951 3609 gestant
1964 3522 2040 3609 ⁴).
2123 3523 2331 3605 Atque
2376 3518 2604 3585 eadem

317 3639 495 3700 veste
545 3632 802 3700 indutus
846 3641 944 3700 est
994 3636 1217 3702 histrio
1264 3656 1308 3700 a
1352 3635 1632 3701 Roberto
1656 3632 1864 3699 editus
1880 3631 1953 3717 5).
2042 3631 2385 3696 Praeterea
2415 3648 2602 3711 reges

314 3745 512 3810 schol.
554 3743 642 3808 ad
688 3744 876 3810 Arist.
965 3746 1130 3810 Nub.
1176 3767 1237 3811 v.
1289 3747 1373 3811 70
1439 3751 1703 3810 auctore
1748 3740 2040 3819 ξυστίδας
2104 3741 2468 3824 gestabant.
2516 3778 2597 3788 —

461 3957 515 4026 1)
552 3955 725 4010 Wies.
763 3953 912 4023 XIII,
951 3959 1000 4010 2.
1053 3956 1214 4024 (Anz.
1271 3956 1309 4010 f.
1362 3957 1612 4012 schweiz.
1661 3957 1855 4013 Gesch.
1908 3969 1961 4011 u.
2015 3949 2411 4011 Alterthumsk.
2462 3956 2598 4009 1865

317 4048 386 4101 Ν.
431 4050 456 4100 1
495 4049 558 4102 T.
603 4048 676 4119 1.)
716 4079 780 4088 -
822 4049 887 4101 In
943 4065 1045 4102 usu
1100 4048 1374 4103 cotidiano
1447 4051 1613 4105 etiam
1668 4050 1884 4105 tunicae
1952 4052 2129 4103 στατοί
2178 4045 2599 4104 nominabantur

319 4138 625 4209 (Aristoph.
664 4140 793 4211 Lys.
832 4143 902 4196 45
940 4141 1111 4195 στατοὶ
1139 4143 1400 4212 χιτῶνος).
1464 4167 1473 4176 ·

458 4235 516 4304 2)
554 4232 633 4287 ef.
671 4250 725 4302 p.
764 4237 848 4288 30.

463 4325 518 4394 3)
556 4325 730 4393 Quam
766 4327 837 4381 ob
875 4341 990 4382 rem
1023 4329 1265 4384 tunicam
1300 4327 1569 4400 κᾶλπωμα
1604 4333 1853 4383 vocatam
1888 4343 2008 4383 esse
2044 4342 2255 4382 censeo.

457 4420 516 4489 4)
551 4418 612 4472 P.
651 4433 696 4472 e.
736 4417 1003 4489 Gerhard,
1043 4420 1108 4475 A.
1145 4421 1210 4476 V.
1248 4419 1500 4476 XXXIX.
1540 4420 1827 4476 CCXXIX.
1886 4415 2069 4488 Geth„
2105 4419 2230 4474 Ges.
2268 4415 2408 4472 Abh.
2449 4414 2596 4470 XIX.

452 4511 507 4580 5)
543 4509 618 4565 M.
659 4509 711 4563 d.
750 4509 792 4565 Ι.
831 4511 925 4580 XI,
969 4513 1049 4568 13.
