3125 5000
1403 333 1835 397 ...38-

1409 504 1469 571 2.
1554 498 1843 570 Pallia.

664 632 813 700 Jam
856 632 1319 717 Aristophanes
1362 653 1663 717 magnum
1709 632 2048 718 palliorum
2094 615 2528 700 scaenicorum
2573 633 2783 720 splen-

495 739 710 806 dorem
756 738 1091 825 praedicat
1150 738 1337 824 (Ran.
1386 742 1619 828 1061),
1699 762 1885 826 quem
1946 763 2074 808 non
2138 743 2347 809 minus
2402 763 2438 808 e
2497 742 2779 808 Pollucis

501 849 981 914 enumeratione
1026 848 1472 931 cognocimus:
1519 849 1594 909 τοὶ
1643 847 1700 910 δ’
1745 849 2146 932 ἐπιβλήματα
2195 851 2416 933 ξυστίς,
2460 852 2780 932 βατραχίς,

491 954 730 1036 χλανίς,
777 953 1025 1036 χλαμὺς
1070 955 1429 1038 διάχρυσος,
1476 957 1943 1039 χρυσόπαστος,
1992 961 2247 1041 στατός,
2296 959 2589 1043 φοινικίς.
2678 957 2783 1022 Me

493 1063 750 1146 quidem
792 1052 1004 1130 iudice
1048 1062 1396 1130 secundum
1462 1062 1623 1130 haec
1668 1064 1868 1130 verba
1914 1067 2138 1142 ξυστίς,
2183 1068 2517 1149 βατραχίς,
2560 1061 2784 1144 χλανίς

492 1172 948 1257 significabant
991 1166 1232 1254 ἱμάτια,
1277 1178 1530 1239 ceterae
1577 1192 1768 1239 voces
1810 1171 2169 1266 χλαμρδας.

1440 1332 1502 1377 a.
1590 1310 1830 1393 ἲμοίπα.

669 1442 890 1514 ξυστίς.
980 1440 1121 1505 Vox
1165 1441 1368 1514 ξυστίς
1428 1458 1573 1505 cum
1633 1440 1701 1504 in
1763 1459 1881 1505 usu
1937 1439 2235 1505 scaenico
2292 1440 2557 1526 pallium
2621 1438 2785 1505 indi-

495 1553 690 1630 caret,
736 1549 802 1612 in
846 1549 985 1612 vita
1027 1548 1355 1613 cotidiana
1403 1553 1465 1612 et
1508 1548 1796 1613 tunicam
1842 1552 1906 1613 et
1950 1547 2217 1632 pallium
2264 1547 2628 1631 significare
2672 1569 2784 1632 po-

492 1657 614 1721 tuit
658 1655 846 1740 (Poll.
887 1655 1028 1737 VII,
1072 1657 1159 1721 49
1204 1657 1406 1729 ξυστὶς
1448 1654 1737 1736 ·ε”νδυμα’
1780 1678 1841 1717 τε
1905 1653 2069 1736 ὁμοῦ
2122 1659 2230 1717 καὶ
2275 1655 2631 1738 περίβλημα
2678 1659 2786 1717 καὶ

493 1764 724 1846 χιτών).
808 1764 1038 1848 Itaque
1106 1766 1310 1838 ξυστίς
1373 1784 1502 1828 non
1564 1763 1873 1842 formam,
1938 1762 2053 1829 sed
2099 1771 2392 1829 ornatum
2438 1764 2786 1831 indicabat.

496 1874 721 1953 Qualis
767 1872 868 1937 hic
911 1871 1119 1956 fuerit,
1165 1873 1503 1938 nescimus.
1590 1873 1756 1937 Nam
1824 1872 1985 1936 nihil
2031 1872 2440 1937 tribuendum
2490 1878 2587 1938 est
2629 1873 2785 1937 Lex.

494 1981 678 2046 Rhet.
723 1988 885 2047 auct.
929 1981 995 2044 in
1018 1981 1183 2046 Tim.
1229 1979 1291 2041 οἳ
1337 1979 1409 2041 δὲ
1453 1979 1619 2066 (voc.
1646 1981 1843 2062 ξυστ.)
1893 1978 2123 2041 λεπτὸν
2153 1984 2330 2059 παρὰ
2380 1982 2447 2040 τὸ
2496 1977 2787 2055 ξύεσθαι.

495 2090 775 2183 Auctore
830 2087 1029 2154 schol.
1093 2086 1179 2152 ad
1222 2087 1546 2171 Aristoph.
1593 2088 1814 2153 Nubes
1873 2089 1993 2171 (vs.
2039 2088 2125 2150 70
2168 2090 2443 2167 χρῶνται
2489 2085 2561 2148 δὲ
2607 2087 2782 2171 αὐτῷ

498 2199 607 2257 καὶ
651 2193 712 2259 οἳ
754 2200 1034 2278 τραγικοὶ
1078 2194 1390 2279 βασιλεῖς)
1437 2195 1557 2261 hoc
1605 2196 1802 2280 pallio
1848 2214 2034 2277 reges
2078 2195 2298 2259 amicti
2343 2201 2528 2260 erant
2545 2197 2615 2278 ¹).

671 2304 973 2387 βατραχίς
1038 2302 1160 2368 fuit
1237 2303 1500 2388 pallium
1550 2303 1744 2368 viridi
1817 2301 2027 2368 colore
2048 2299 2111 2385 2).
2195 2302 2293 2366 Ita
2339 2302 2793 2368 animadvertit

498 2411 691 2475 etiam
750 2407 946 2474 schol.
1002 2406 1087 2471 ad
1147 2407 1343 2473 Arist.
1409 2407 1628 2491 Equit„
1675 2406 1841 2471 1406
1909 2404 2079 2477 εἶδος
2160 2405 2431 2487 ἐσθῆτος
2504 2403 2786 2488 ἀνθινῆς

496 2518 722 2598 ὅμοιον
795 2520 881 2601 τῷ
943 2513 1210 2597 ὀνόματι
1268 2515 1527 2599 ἐχούσης
1573 2517 1638 2578 τὸ
1714 2518 1960 2597 χρῶμα.
2051 2514 2594 2581 Commemoratur
2637 2536 2788 2599 quo-

498 2647 620 2711 que
690 2627 755 2691 in
819 2625 1030 2691 Oram.
1093 2625 1334 2692 Anecd.
1377 2624 1429 2709 Ι,
1479 2626 1581 2690 19.
1629 2662 1706 2674 -
1797 2622 2021 2703 χλανίς
2103 2623 2225 2688 fuit
2293 2643 2563 2708 parvum
2652 2625 2786 2710 pal-

496 2735 687 2819 lium,
753 2732 835 2799 cf.
901 2733 1060 2798 Poll.
1108 2732 1247 2817 VII,
1287 2732 1375 2798 48
1442 2730 1665 2811 χλανὶς
1729 2730 1802 2793 δὲ
1885 2728 2135 2811 ἱμάτιον
2199 2731 2449 2794 λεπτόν.
2507 2733 2787 2817 Hesych.

496 2841 818 2921 χλανίδες·
867 2840 1064 2904 λεπτὰ
1112 2836 1355 2920 ἱμάτια.
1398 2841 1591 2905 Arist.
1620 2841 1767 2924 (AV.
1809 2840 1963 2921 116)
2013 2845 2466 2904 commemorat
2509 2840 2786 2920 χλανίδα

502 2949 747 3033 λευκήν.
837 2950 1001 3015 Aliis
1046 2948 1202 3013 locis
1247 2949 1396 3034 (AV.
1449 2950 1636 3033 1693,
1682 2948 1835 3031 Lys.
1888 2948 2081 3031 1189)
2128 2947 2229 3012 hic
2260 2953 2453 3033 poeta
2484 2948 2794 3029 χλανίδας

500 3065 564 3123 et
607 3056 899 3133 ξυστίδας
943 3058 1110 3121 inter
1156 3061 1367 3120 vestes
1412 3074 1686 3140 pompae
1748 3062 2079 3119 enumerat
2097 3053 2169 3138 ⁸).
2258 3056 2471 3135 Quare
2517 3076 2789 3122 commo·

496 3172 601 3234 tus
646 3186 821 3250 sum,
886 3172 991 3248 ut,
1037 3163 1269 3248 quibus
1315 3163 1531 3247 palliis
1599 3163 1864 3228 iuvenes
1910 3162 1977 3227 in
2021 3183 2278 3249 pompa,
2324 3185 2490 3248 quae
2532 3163 2788 3231 caelata

499 3274 706 3341 estin
750 3272 985 3357 templo
1051 3271 1382 3336 Minervae
1449 3270 1618 3352 quod
1683 3277 1919 3336 vocant
1983 3270 2452 3339 Parthenonem
2497 3273 2790 3356 Athenis,

495 3381 711 3450 amicti
755 3386 919 3466 sunt,
961 3377 1275 3460 χλανίδας
1315 3384 1547 3445 vocata
1590 3361 1754 3454 essssesn
1773 3397 2088 3445 censeam.

1385 3529 1447 3594 b.
1533 3526 1877 3610 χλαμύδες.

669 3659 912 3744 χλαμὺς
973 3657 1315 3743 διάχρυσος
1376 3666 1440 3724 et
1482 3658 1932 3738 χρυσόπαστος.
2040 3658 2196 3725 Sine
2242 3660 2437 3726 dubio
2484 3661 2644 3727 haec
2689 3681 2792 3727 ve-

507 3881 786 3936 cuiusdam
820 3880 1062 3949 Bacchi,
1127 3880 1219 3949 qui
1255 3879 1509 3934 muliebri
1558 3877 1754 3934 habitu
1815 3885 2043 3934 ornatus
2080 3886 2166 3934 est
2222 3880 2444 3943 (Athen.
2482 3881 2532 3935 V
2567 3897 2622 3949 p.
2663 3883 2796 3936 1980

496 3973 583 4026 sm·
618 3973 676 4026 δὲ
711 3971 893 4038 ταύτης
943 3973 1068 4037 ἐπῆν
1121 3973 1345 4044 ἄγαλμα
1402 3973 1664 4027 Διονύσου
1708 3970 1910 4042 χιτῶνα
1966 3974 2295 4041 πορφυροῦν
2331 3975 2457 4043 ἔχον
2493 3974 2788 4043 διάπεζον).

655 4062 712 4131 1)
750 4063 903 4116 Inter
940 4069 1270 4130 apparatum
1308 4063 1619 4118 scaenicum
1675 4064 1842 4121 ξυστίς
1892 4077 2061 4128 porro
2100 4069 2328 4116 vocatur
2364 4063 2422 4115 in
2458 4061 2590 4117 Lex.
2629 4062 2792 4116 Rhet.

504 4160 646 4207 auct.
686 4154 742 4207 in
780 4154 918 4207 Tim.
970 4157 1168 4214 ξυστίς·
1233 4154 1382 4214 ἰδίως
1419 4153 1477 4207 δὲ
1512 4153 1569 4206 τὸ
1605 4153 1707 4205 τῶν
1750 4153 2043 4225 τραγῳδῶν
2078 4154 2301 4225 ἔνδυμα.
2377 4155 2552 4209 Cram.
2590 4153 2793 4209 Anecd.

499 4245 624 4300 Par.
664 4246 706 4316 1,
747 4247 830 4300 19.

639 4339 697 4409 2)
733 4338 816 4393 De
854 4354 958 4394 usu
993 4340 1051 4394 in
1088 4345 1195 4395 cot.
1234 4340 1330 4395 vit.
1369 4338 1438 4394 cf.
1476 4339 1703 4407 Becker,
1742 4338 1904 4393 Char.
1942 4339 2025 4392 HI
2066 4339 2091 4373 ⁸
2124 4355 2178 4408 p.
2218 4342 2339 4394 244.

639 4429 694 4499 3)
733 4429 845 4483 Cet.
887 4430 955 4485 cf.
1011 4431 1318 4501 Hermann,
1379 4432 1525 4486 Priv.
1552 4460 1574 4472 -
1601 4430 1839 4485 Alterth.
1879 4430 1904 4462 ⁸
1937 4446 1992 4498 p.
2036 4434 2153 4486 177.
2195 4431 2332 4486 Adn.
2386 4434 2435 4487 3.
2473 4431 2641 4487 Wies.
2696 4429 2794 4486 Sa-

489 4526 660 4591 tyrsp.
698 4537 751 4590 p.
791 4525 910 4578 707.
