3125 5000
1164 361 1589 425 ...17—

412 543 692 609 Scaenae
713 539 1109 620 histrionum,
1155 536 1262 619 qui
1285 532 1612 600 cothurnis
1650 552 1778 598 non
1805 535 2084 613 utuntur,
2129 523 2515 609 Maassius1)

239 652 625 718 imitationes
694 668 835 715 esse
901 648 1291 732 picturarum
1337 643 1725 709 Graecarum
1785 639 2164 722 antiquioris
2216 633 2518 720 temporis

245 759 563 845 explicare
607 756 837 823 studet.
926 756 1091 822 Nam
1134 772 1318 819 usum
1361 749 1808 818 cothurnorum
1852 746 2027 833 apud
2055 746 2336 812 Graecos
2379 748 2525 828 post

240 867 568 954 Euripidis
611 872 898 951 tempora
942 862 1249 929 abolitum
1294 880 1455 927 esse.
1541 857 1784 926 Contra
1843 854 2182 922 histriones
2224 872 2363 918 cum
2409 870 2521 917 co-

237 976 492 1042 thurnis
537 974 625 1040 ad
666 993 964 1040 scaenam
1011 974 1369 1037 Romanam
1412 968 1644 1051 refert,
1711 966 1863 1049 quia
1905 984 1985 1030 ex
2027 963 2164 1029 eius
2206 961 2526 1027 sententia

238 1084 537 1151 cothurni
586 1082 759 1168 apud
804 1083 1125 1148 Romanos
1184 1078 1305 1144 hoc
1361 1084 1648 1160 tempore
1706 1074 2001 1140 universe
2043 1069 2335 1156 usurpati
2377 1067 2523 1133 sint.

241 1180 371 1279 (cf.
397 1194 439 1259 l.
464 1213 524 1259 a.
555 1213 619 1279 p.
647 1192 773 1256 115
817 1190 1080 1255 ‘bastera
1113 1193 1533 1253 rammentare
1577 1186 1605 1249 i
1646 1184 1763 1248 ben
1804 1184 1940 1248 noti
1980 1178 2358 1245 monumenti
2398 1181 2526 1241 tro-

240 1304 376 1368 vati
396 1304 471 1367 in
498 1299 857 1382 Campania
880 1300 953 1365 ed
976 1298 1217 1364 altrove
1242 1297 1353 1361 ele
1376 1293 1846 1360 testimonianze
1890 1289 2199 1355 letter-arie
2242 1283 2529 1371 (Helbig,

244 1410 348 1475 W.
393 1410 514 1475 No.
560 1408 746 1474 1465.
794 1407 980 1472 1467.
1065 1404 1411 1487 Wieseler,
1453 1404 1534 1468 D.
1580 1400 1641 1466 d.
1688 1401 1762 1466 B.
1804 1399 1986 1484 XIII,
2031 1399 2092 1464 2.
2135 1435 2218 1445 —
2281 1395 2529 1475 Cicer0,

244 1517 328 1581 de
393 1517 499 1582 fin.
541 1516 659 1601 III,
704 1515 810 1598 14,
852 1515 957 1579 46.
1022 1513 1176 1579 Hor.
1222 1513 1344 1576 Ars
1398 1517 1565 1595 poet.
1624 1511 1712 1575 90
1753 1529 1850 1593 sg.
1893 1507 2094 1582 ovid,
2162 1507 2374 1571 Amor.
2410 1501 2529 1587 III,

250 1626 309 1709 1,
340 1625 421 1689 14
452 1626 628 1708 ecc.')
646 1626 691 1708 ).
777 1622 1030 1688 Deinde
1073 1620 1263 1687 affert
1291 1619 1691 1685 Athenaeum
1736 1617 1813 1703 V,
1859 1618 2028 1683 198a
2069 1633 2332 1682 censens
2376 1610 2531 1677 ‘l'al-

251 1740 425 1799 taenea
485 1731 964 1799 straordinaria
1020 1730 1082 1795 si
1148 1728 1366 1812 spieya
1401 1750 1569 1811 pare
1612 1711 1802 1793 senza
1847 1726 2108 1793 coturni.
2194 1721 2405 1808 Apoll.
2444 1719 2532 1808 11,

244 1841 371 1906 49².
457 1841 558 1905 De
589 1838 691 1904 his
725 1837 973 1904 duobus
1021 1837 1177 1903 locis
1222 1837 1352 1903 iam
1396 1856 1593 1921 supra
1636 1836 1724 1921 (p.
1753 1834 1861 1920 10)
1908 1833 2141 1899 dictum
2188 1838 2303 1897 est.
2386 1828 2533 1895 Om-

245 1949 401 2014 nino
446 1947 583 2012 fieri
626 1967 753 2012 non
796 1953 1024 2032 potest,
1066 1952 1137 2011 ut
1178 1946 1302 2012 loci
1343 1947 1509 2011 inter
1568 1964 1639 2010 se
1682 1947 2142 2028 comparentur.
2226 1940 2395 2005 Nam
2437 1934 2529 2002 al-

252 2056 457 2120 titudo
503 2057 730 2139 ingens
775 2076 904 2122 non
948 2056 1311 2140 explicatur
1354 2055 1491 2120 loco
1536 2052 1748 2138 Apoll.
1790 2051 1873 2132 H,
1918 2051 2022 2116 49.
2065 2087 2149 2098 —
2193 2049 2359 2114 Tum
2400 2045 2533 2133 pic·

246 2171 429 2229 turae
471 2165 710 2231 allatae
755 2165 1023 2249 (Helbig
1071 2164 1259 2229 1465.
1306 2162 1502 2247 1467)
1546 2162 1806 2226 minime
1851 2159 2320 2236 demonstrant,
2364 2155 2534 2239 quod

249 2272 567 2339 Maassius
613 2273 963 2357 contendit,
998 2272 1151 2356 quia
1178 2271 1358 2357 prius
1404 2269 1761 2334 docendum
1789 2275 1904 2353 est,
1948 2288 2059 2334 eas
2103 2266 2191 2332 ad
2232 2284 2531 2332 scaenam

250 2381 606 2446 Romanam
651 2381 1025 2446 referendas
1071 2399 1230 2446 esse.
1316 2380 1648 2444 Postremo
1679 2398 1807 2442 non
1853 2377 2177 2459 intellego,
2219 2374 2533 2458 quomodo

251 2508 333 2555 ex
377 2490 535 2556 locis
578 2489 664 2554 ab
711 2489 933 2556 eodem
978 2488 1196 2555 allatis
1240 2486 1533 2554 concludi
1579 2486 1821 2573 possit,
1878 2506 2063 2552 usum
2119 2505 2535 2571 personarum

252 2599 320 2664 in
367 2620 607 2664 scaena
651 2600 1083 2664 Romanorum
1148 2599 1342 2682 longe
1403 2598 1659 2682 lateque
1726 2596 2025 2662 diffusum
2071 2595 2289 2661 fuisse.
2371 2595 2535 2661 Nam

254 2707 480 2772 Cicero
527 2706 568 2771 l.
599 2726 659 2770 a.
700 2707 978 2789 loquitur
1021 2705 1101 2771 de
1148 2706 1473 2772 cothurnis
1503 2705 1783 2790 quidem,
1830 2704 1945 2771 sed
1988 2724 2118 2770 non
2163 2703 2244 2768 de
2288 2702 2536 2769 cothur-

252 2815 354 2879 nis
412 2815 496 2879 ab
561 2813 973 2881 histrionibus
1034 2816 1340 2881 Romanis
1415 2815 1755 2899 usurpatis.
1867 2813 2170 2879 Horatius
2224 2813 2266 2878 l.
2305 2833 2368 2882 a.
2432 2832 2536 2879 co-

253 2922 484 2988 thurno
527 2922 963 3008 tragoediam,
1028 2943 1210 2991 socco
1255 2923 1652 2990 comoediam
1707 2922 2057 3006 significat:
2125 2942 2253 3005 qua
2295 2922 2539 3007 signifi-

258 3031 513 3096 catione
557 3037 789 3116 poetae
835 3032 1107 3097 Romani
1152 3032 1409 3117 saepius
1454 3031 1554 3097 usi
1600 3037 1749 3097 sunt
1770 3029 1840 3117 ²).
1928 3031 2176 3097 Tamen
2204 3050 2344 3097 cum
2374 3033 2540 3099 inter

258 3159 480 3206 omnes
522 3147 807 3226 constet,
873 3141 1187 3224 quomodo
1231 3143 1663 3207 Romanorum
1729 3160 1836 3206 ars
1894 3146 1959 3206 et
2021 3140 2233 3226 poesis
2276 3161 2356 3207 ex
2400 3148 2538 3208 arte

263 3256 327 3313 et
368 3250 544 3333 poesi
592 3250 983 3315 Graecorum
1026 3250 1351 3335 pendeant
1393 3269 1495 3314 me
1556 3248 1814 3333 quidem
1856 3249 2067 3315 iudice
2110 3249 2272 3315 nihil
2311 3269 2392 3315 ex
2437 3250 2538 3316 his

264 3355 423 3420 locis
468 3357 763 3423 concludi
805 3364 1017 3442 potest
1059 3358 1140 3422 de
1185 3378 1305 3424 usu
1350 3359 1802 3424 cothurnorum
1839 3358 1905 3424 in
1949 3378 2187 3425 scaena
2228 3359 2572 3425 Romana..

261 3461 442 3527 Idem
486 3464 659 3530 valet
702 3464 784 3530 de
828 3464 966 3532 loco
1010 3465 1079 3531 in
1121 3465 1310 3532 Ovid.
1352 3465 1564 3531 Amor.
1608 3465 1819 3531 ‘Venit
1861 3471 1926 3532 et
1966 3466 2214 3550 ingenti
2256 3466 2539 3532 violenta

256 3571 625 3655 Tragoedia
702 3592 899 3658 passu
963 3574 1201 3640 Fronte
1263 3592 1485 3640 comae
1552 3580 1736 3640 torva
1798 3574 1974 3658 palla
2033 3575 2289 3641 iacebat
2362 3573 2538 3640 humi

261 3680 509 3765 Lydius
567 3679 701 3745 alta
755 3680 990 3766 pedum
1032 3681 1244 3748 vin'cla
1285 3683 1629 3750 cothurnus
1674 3685 1844 3748 erat'.
1929 3684 2073 3748 Non
2132 3683 2343 3748 dicam
2385 3703 2539 3766 quo·

257 3789 446 3854 modo
489 3789 761 3856 Ovidius
821 3809 901 3855 ex
946 3790 1125 3875 poesi
1168 3791 1556 3857 Graecorum
1600 3789 1896 3875 pendeat.
1986 3790 2202 3869 Quid?
2267 3790 2540 3874 Signum

256 3898 664 3982 Tragoediae
749 3918 961 3964 nonne
1023 3919 1066 3965 a
1130 3898 1396 3966 Graecis
1453 3900 1522 3965 in
1602 3905 1741 3965 arte
1819 3900 1907 3965 ad
1971 3906 2210 3965 certam
2267 3899 2539 3968 formam

265 4004 592 4072 redactum
637 4012 776 4072 erat
791 4002 845 4090 ³)
864 4005 898 4071 ?
987 4005 1131 4084 Qua
1176 4005 1257 4071 de
1301 4026 1501 4073 causa
1543 4007 1693 4092 ille,
1739 4007 1795 4073 si
1837 4007 2264 4092 Tragoediam
2310 4007 2538 4075 descri-

260 4110 412 4179 bere
509 4112 746 4199 voluit,
807 4113 896 4180 ad
962 4115 1129 4181 hanc
1212 4116 1489 4200 speciem
1571 4116 1887 4202 respicere
1960 4116 2215 4202 debuit,
2286 4118 2538 4185 etiamsi

262 4216 345 4284 de
387 4220 610 4289 fabula
654 4226 949 4291 Romana
991 4224 1289 4309 loquitur.
1375 4226 1649 4311 Saepius
1709 4247 1862 4293 vero
1921 4225 2215 4293 cothurni
2258 4246 2301 4292 a
2341 4227 2541 4312 scrip-

418 4375 471 4446 1)
508 4380 706 4458 Annali
744 4380 795 4434 d.
833 4380 966 4434 Inst.
1007 4380 1143 4434 1881
1185 4396 1237 4447 p.
1283 4381 1383 4434 114
1420 4394 1568 4448 seqq.

407 4468 465 4539 2)
502 4469 670 4524 Mart.
705 4471 799 4525 lib.
836 4471 984 4539 Vm,
1023 4487 1107 4540 ep.
1144 4472 1240 4526 ΠΙ.
1280 4471 1466 4526 Claud.
1506 4472 1600 4525 lib.
1642 4472 1669 4526 Ι
1705 4473 1762 4526 in
1797 4471 2027 4541 Eutrop.

413 4561 472 4632 3)
512 4561 590 4618 Cf.
628 4561 879 4630 Wiesel„
915 4563 982 4617 D.
1022 4562 1075 4617 d.
1110 4563 1173 4617 B.
1210 4564 1306 4633 IX,
1344 4568 1394 4618 2.
1429 4567 1479 4618 3.

1977 4656 2020 4720 2
