3125 5000
286 498 538 565 Deinde
580 498 898 565 Maassius
943 499 1282 565 cothurnos
1328 503 1409 566 ab
1456 499 1780 584 Euripidis
1812 501 2200 584 temporibus
2245 520 2286 565 a
2330 520 2562 567 scaena

289 608 544 674 Graeca
564 614 839 674 remotos
862 628 1003 674 esse
1024 614 1253 675 censet.
1310 610 1475 674 Nam
1498 608 1769 693 primum
1792 609 1968 674 ‘come
1990 609 2378 675 l'abolizione
2398 608 2564 674 della

289 718 612 783 maschera
654 720 781 784 cosi
824 718 1030 800 quella
1074 717 1178 782 dei
1223 718 1476 783 coturni
1512 717 1767 782 sarebbe
1795 723 1965 783 stata
1987 739 2118 783 una
2140 738 2563 802 consequenza

287 828 646 892 necessaria
688 826 854 892 della
899 827 1217 891 direzione
1261 826 1364 891 che
1395 846 1585 906 prese
1627 826 1691 890 la
1737 827 2020 908 trayedia
2047 830 2204 891 sotto
2246 826 2564 907 Z'inflenza

279 934 706 1019 d'Euripide'‚
747 943 877 1000 tum
922 934 1197 1000 artifices
1242 955 1320 1000 ex
1350 932 1705 998 Alexandri
1729 932 1952 1017 Magni
1974 934 2362 1019 temporibus
2407 933 2561 1000 deos

281 1042 690 1109 humaniores
753 1042 999 1127 fingere
1060 1042 1398 1109 studuisse.
1485 1043 1640 1109 Sine
1714 1041 1910 1110 dubio
1970 1043 2127 1110 haec
2182 1063 2337 1108 vera
2392 1049 2557 1121 sunt,

279 1151 399 1219 sed
455 1151 713 1218 minime
770 1151 1240 1235 demonstrant,
1307 1153 1648 1218 cothurnos
1708 1152 1983 1218 abolitos
2043 1172 2202 1218 esse.
2286 1153 2375 1220 Ut
2417 1171 2558 1237 per-

278 1282 442 1328 sona
485 1262 825 1328 histriones
869 1262 1105 1328 Graeci
1149 1281 1399 1347 semper
1455 1263 1564 1338 usi5
1613 1266 1795 1345 sunt,
1857 1261 1950 1326 ita
1992 1261 2283 1328 cothurni
2326 1262 2393 1326 in
2439 1280 2556 1327 usu

275 1372 573 1438 scaenico
616 1379 1076 1438 remanserunt.
1159 1370 1289 1436 Sed
1351 1372 1470 1435 etsi
1532 1352 1703 1454 duod
1758 1369 2073 1437 Maassius
2146 1377 2397 1455 censet,
2439 1390 2554 1455 pro

280 1499 431 1547 vero
479 1480 818 1565 habemus,
877 1480 1326 1565 explicandum
1374 1488 1502 1564 est,
1562 1478 1875 1563 quomodo
1936 1479 2073 1545 fieri
2134 1480 2442 1565 potuerit,
2485 1485 2558 1545 ut

281 1588 570 1655 cothurni
629 1597 855 1675 postea
915 1589 1122 1655 denuo
1182 1590 1250 1654 in
1311 1608 1492 1655 usum
1554 1590 1919 1655 scaenicum
1991 1588 2556 1655 introducerentur.

279 1698 426 1764 Non
470 1698 679 1764 dicam
725 1697 805 1763 de
849 1697 1174 1780 histrione,
1218 1697 1326 1780 qui
1371 1697 1438 1760 in
1484 1717 1719 1781 pompa
1748 1697 2009 1762 Ptolem.
2034 1697 2196 1761 Phil.
2226 1698 2555 1781 ingressus

277 1813 396 1890 est,
440 1806 522 1872 de
566 1808 756 1890 Polo,
814 1806 1247 1885 Aristodemo,
1298 1806 1572 1890 Satyro,
1637 1806 1744 1889 qui
1800 1805 2145 1872 secundum
2201 1806 2553 1873 Lucianum

272 1916 615 1981 cothurnos
698 1916 1044 1999 gestabant
1132 1916 1241 2001 (cf.
1285 1938 1345 2000 p.
1393 1914 1522 1999 10).
1563 1952 1650 1963 --
1738 1915 1956 1982 Tertia
2014 1915 2297 1982 eiusdem
2354 1935 2552 1982 causa

273 2031 372 2089 est
413 2024 500 2090 ‘la
540 2045 888 2089 mancanza
947 2025 1048 2089 dei
1106 2025 1352 2089 coturni
1412 2025 1479 2087 ai
1524 2024 1710 2104 piedi
1771 2024 1872 2088 dei
1915 2029 2011 2089 tre
2052 2030 2254 2089 attore
2301 2024 2547 2108 trayici'

275 2133 344 2199 in
388 2135 647 2200 vasculo
691 2134 802 2198 illo
847 2133 1200 2199 Rubastino
1248 2132 1471 2217 (Wies.
1514 2133 1596 2198 D.
1621 2132 1682 2198 d.
1704 2132 1780 2197 B.
1822 2132 1932 2217 VI,
1975 2133 2066 2218 2).
2109 2132 2259 2198 ‘Ora
2299 2135 2548 2216 quando

267 2243 329 2307 si
370 2243 678 2308 consideri
719 2242 783 2307 la
836 2243 1115 2324 perfetta
1159 2242 1483 2306 concordia
1526 2242 1601 2305 in
1641 2247 1850 2323 questo
1901 2248 2110 2323 punto
2138 2244 2250 2324 fra
2291 2242 2342 2307 il
2385 2241 2548 2309 detto

263 2372 410 2418 vaso
450 2371 668 2416 ruvese
712 2352 788 2416 ed
829 2350 881 2414 il
917 2352 1122 2434 freqio
1152 2351 1404 2437 'scenico
1451 2351 1520 2415 di
1563 2351 1828 2432 Pompei
1856 2387 1940 2397 —
1970 2353 2294 2417 concordia
2337 2352 2442 2418 che
2484 2353 2545 2419 si

263 2462 480 2546 spieya
522 2462 596 2527 in
656 2461 820 2527 tanti
882 2461 1015 2527 caso)
1060 2481 1181 2543 per
1245 2481 1453 2526 mezzo
1496 2459 1964 2541 dell'influenza
2020 2459 2164 2527 dezl'
2209 2466 2344 2528 arte
2382 2462 2542 2528 ales-

263 2571 580 2637 sandrina
624 2604 708 2617 -
753 2570 933 2654 lunyi
975 2569 1083 2635 dal
1112 2570 1391 2636 crederla
1426 2571 1718 2651 fortuita,
1759 2570 1822 2638 si
1850 2570 2164 2649 converret,
2207 2570 2312 2636 che
2353 2571 2405 2636 il
2446 2572 2544 2638 di-

256 2683 413 2762 fetto
457 2679 558 2744 dei
602 2680 847 2743 coturni
878 2700 1047 2760 pure
1085 2679 1188 2744 sul
1220 2699 1372 2745 vaso
1404 2679 1719 2763 riquarda
1761 2698 1894 2744 una
1928 2679 2255 2760 propriata
2297 2680 2544 2747 scenica

262 2787 363 2852 del
404 2792 605 2851 teatro
648 2785 816 2851 della
857 2787 1028 2851 detta
1071 2789 1297 2868 epoca’.

432 2894 646 2961 Primo
692 2893 1163 2961 consideremus
1207 2895 1518 2979 picturam
1561 2896 2040 2981 Pompejanam‚
2085 2916 2213 2979 qua
2254 2895 2534 2964 Maassio

259 3011 516 3071 auctore
561 3003 899 3070 histriones
922 3004 1182 3070 fabulae
1225 3003 1548 3088 satyricae
1594 3003 1787 3070 efficti
1829 3010 1996 3070 sunt.
2084 3006 2532 3090 Unusquisque

257 3115 364 3199 qui
409 3113 549 3180 sine
592 3113 857 3179 consilio
901 3114 1178 3197 quodam
1211 3132 1352 3178 eam
1397 3114 1644 3199 aspicit,
1689 3113 2025 3180 histriones
2069 3114 2345 3198 tragicos
2389 3134 2531 3182 esse

258 3222 580 3289 concedet.
668 3222 832 3288 Nam
878 3230 1136 3306 gestant
1178 3221 1447 3288 eundem
1491 3222 1780 3288 habitum
1829 3242 2019 3305 quam
2064 3224 2257 3290 ceteri
2283 3222 2530 3290 histrio-

254 3351 366 3397 nes
411 3331 657 3415 tragici.
745 3330 1062 3396 Maassius
1106 3331 1245 3414 ipse
1291 3332 1380 3415 (p.
1427 3332 1579 3415 111)
1636 3333 1695 3396 ‘a
1744 3332 1951 3413 primo
1992 3333 2280 3417 synardo'
2320 3332 2529 3417 inquit

251 3441 329 3506 ‘si
394 3440 787 3522 distinyuono
858 3460 1034 3505 scene
1105 3440 1382 3523 trayiche
1444 3461 1476 3505 e
1541 3440 1806 3505 comiche
1866 3440 1973 3506 che
2038 3441 2394 3506 cambiano'.
2442 3478 2523 3490 -

254 3547 462 3627 Quam
503 3547 582 3612 ob
627 3566 760 3611 rem
808 3566 931 3630 ego
976 3567 1105 3613 non
1147 3546 1453 3631 intellego
1499 3568 1611 3613 cur
1655 3547 1815 3613 haec
1842 3547 2086 3633 pictura
2116 3546 2203 3613 ad
2236 3547 2522 3615 fabulam

252 3654 600 3740 satyricam
659 3653 998 3720 referenda
1075 3655 1161 3721 sit
1212 3675 1489 3722 causam.
1574 3656 1740 3722 Nam
1798 3657 2127 3742 responsio
2185 3677 2374 3741 quam
2418 3657 2528 3724 ille

246 3763 556 3848 indagare
602 3770 867 3829 conatus
914 3771 1011 3829 est
1030 3814 1047 3848 ‚
1103 3764 1159 3829 si
1206 3784 1443 3830 scaena
1502 3785 1584 3831 ex
1640 3764 1860 3831 fabula
1912 3764 2192 3849 quadam
2234 3766 2520 3852 satyrica

245 3880 411 3939 esset
470 3892 597 3939 non
642 3870 1032 3956 firmaretur,
1090 3871 1204 3937 sed
1248 3872 1479 3957 potiu8‚
1521 3873 1674 3957 quia
1727 3874 1923 3941 ceteri
1968 3874 2307 3942 histriones
2370 3882 2521 3942 sunt

244 3988 353 4046 aut
394 3981 626 4065 tragici
669 3988 782 4047 aut
824 3981 1068 4066 comici,
1112 3981 1571 4048 deturbaretur.

411 4090 652 4156 Contra
693 4091 762 4155 in
807 4089 1068 4156 vasculo
1113 4090 1224 4156 illo
1266 4091 1623 4157 Rubastino
1667 4110 1797 4157 non
1840 4091 2052 4156 ‘attori
2092 4093 2357 4179 tragica
2401 4094 2517 4160 sed

247 4196 582 4266 histriones
627 4199 889 4265 fabulae
934 4200 1254 4285 satyricae
1300 4199 1491 4266 efficti
1536 4206 1703 4265 sunt.
1787 4199 1872 4264 Et
1912 4197 2001 4263 ‘la
2019 4220 2370 4267 mancanza
2412 4204 2517 4270 dei

248 4305 508 4368 coturni’
551 4324 677 4369 non
724 4303 1023 4391 impedit,
1070 4304 1217 4388 quin
1290 4304 1630 4371 histriones
1695 4303 1974 4387 tragicos
2018 4303 2358 4372 cothurnos
2403 4326 2513 4392 ge·

245 4417 446 4479 stasse
492 4432 878 4479 censeamus.
969 4414 1167 4479 Immo
1240 4433 1386 4479 vero
1450 4434 1576 4479 non
1637 4413 1957 4497 cognitum
2020 4421 2154 4499 est,
2221 4435 2371 4480 num
2413 4415 2512 4482 hi-

242 4519 513 4587 striones
558 4520 820 4587 fabulae
880 4525 1197 4608 satyricae
1265 4523 1520 4588 omnino
1582 4522 1907 4590 cothurnis
1954 4522 2050 4588 usi
2094 4523 2237 4589 sint.
2323 4523 2511 4605 Quod

1936 4628 2034 4694 2¹8·
