3125 5000
1193 352 1625 414 ...49-

261 532 362 599 cf.
389 526 626 597 Herod.
650 526 760 611 VI,
790 523 1006 609 1251,
1036 511 1209 606 155).
1298 520 1753 606 Aristophanis
1778 519 2177 603 temporibus
2195 518 2245 603 ¹)
2289 518 2568 584 maxime

261 662 304 705 a
355 637 615 706 feminis
658 630 1082 720 'gestabantur
1129 632 1238 718 (cf.
1283 629 1611 715 Aristoph.
1655 629 1810 712 Lys.
1840 628 1987 694 656.
2032 627 2203 692 Eccl.
2232 627 2377 693 345.
2407 629 2571 693 Ran.

259 750 370 831 47,
420 747 531 813 ubi
577 743 869 811 Bacchus
913 740 1153 806 luditur
1196 745 1458 825 propter
1500 737 1786 803 habitum
1833 734 2253 821 muliebrem).

433 855 633 920 Porro
678 852 744 917 in
791 871 872 915 ea
916 868 985 914 re
1051 847 1344 914 cothurni
1399 845 1676 912 scaenici
1736 864 1880 909 cum
1949 843 2031 909 iis
2053 893 2069 926 ,
2126 863 2286 926 quos
2332 845 2568 910 Graeci

262 962 663 1047 usurpabant
705 959 772 1024 in
818 957 963 1022 vita
1004 954 1368 1038 cotidiana,
1421 952 1933 1036 consentiebant,
1976 949 2144 1034 quod
2189 951 2367 1017 solea
2413 971 2571 1034 qua—

263 1070 449 1136 drata
512 1069 635 1134 fuit
703 1067 943 1150 (Etym.
1024 1064 1242 1146 Magn.
1303 1083 1364 1146 p.
1409 1060 1540 1126 524
1608 1060 1957 1139 κόθορνος·
2031 1059 2425 1139 τετράγωνον
2500 1055 2567 1120 τὸ

259 1181 471 1260 σχῆμα
497 1172 792 1257 οἶρμόζον
817 1171 1206 1256 ἀμφοτέροις
1225 1180 1355 1242 τοῖς
1375 1170 1546 1234 ποσί.
1623 1166 1722 1233 Cf.
1748 1167 2043 1252 Xenoph.
2064 1167 2231 1233 Heli.
2272 1167 2358 1252 II,
2378 1168 2442 1252 3,
2463 1169 2570 1232 31.

263 1280 479 1348 Schol.
526 1278 614 1344 ad
661 1276 994 1362 Aristoph.
1057 1277 1223 1341 Ban.
1263 1276 1370 1340 47.
1415 1274 1560 1338 546.
1622 1272 1835 1338 Schol.
1879 1271 1963 1338 ad
2008 1272 2182 1338 Eccl.
2220 1271 2367 1337 346.
2456 1271 2573 1338 Ce-

259 1396 430 1455 teros
476 1388 651 1453 locos
711 1384 1038 1467 congessit
1080 1381 1448 1464 Schneider,
1494 1381 1768 1447 Attisch.
1814 1381 2251 1446 Theaterwes.
2298 1400 2361 1464 p.
2395 1380 2570 1465 163).

448 1498 585 1562 Nec
646 1495 778 1561 alia
837 1514 918 1559 ex
986 1512 1185 1558 causa
1247 1491 1480 1557 Graeci
1539 1488 1914 1555 cothurnum
1991 1488 2352 1554 scaenicum
2414 1507 2573 1554 voce

265 1605 545 1687 ἐμβάτου
611 1601 1087 1686 significabant.
1166 1599 1471 1682 Ἐμβᾰτης
1514 1599 1684 1663 enim
1731 1604 1800 1663 ut
1843 1594 2169 1677 κόθορνος
2212 1594 2576 1662 cotidianae

266 1715 440 1779 vitae
515 1709 738 1774 κοῖλον
818 1706 1121 1791 ὑπόδημα
1181 1707 1396 1791 longis
1468 1725 1608 1771 cum
1678 1703 1893 1789 scapis
1957 1700 2078 1769 fuit
2126 1703 2446 1789 (Xenoph.
2492 1704 2571 1769 de

265 1840 334 1886 rc
388 1825 665 1904 equestr.
714 1818 818 1902 12,
867 1817 950 1881 10
994 1815 1324 1900 (ἐμβάται)
1367 1813 1508 1896 ἅμα
1554 1811 1762 1876 ὅπλον
1807 1835 1868 1874 τε
1915 1809 2186 1894 κνήμαις
2228 1815 2336 1874 καὶ
2381 1814 2571 1874 ποσὶν

265 1926 707 2011 ὑποδήματα).

449 2033 758 2101 Gothurni
798 2037 1015 2098 autem
1060 2029 1337 2097 scaenici
1366 2027 1618 2095 caudex
1642 2029 1896 2111 ligneus
1940 2034 2186 2093 tantum
2211 2029 2332 2094 sub
2356 2028 2572 2095 calceo

270 2141 828 2228 conspiciebatur:
873 2138 982 2223 qui
1027 2137 1226 2203 variis
1271 2136 1595 2202 coloribus
1640 2135 1878 2200 tinctus
1924 2141 2065 2200 erat
2079 2134 2150 2220 2).

453 2248 821 2316 Secundum
884 2266 963 2312 ea
1027 2265 1193 2329 quae
1259 2250 1456 2310 antea
1517 2242 1814 2328 exposita
1874 2249 2023 2308 sunt
2066 2242 2571 2310 calceamentum

267 2359 649 2425 histrionum
717 2354 892 2441 apud
935 2355 1219 2420 Graecos
1277 2352 1635 2419 vocabatur
1691 2351 1967 2435 ἐμβάτης
2009 2350 2113 2416 vel
2155 2347 2441 2433 ὀκρίβας,
2487 2391 2570 2402 --

263 2467 439 2533 Juba
482 2464 692 2549 iisque
737 2461 847 2547 qui
891 2481 1034 2528 eum
1065 2460 1268 2528 secuti
1287 2465 1435 2526 sunt
1461 2457 1750 2544 exceptis
1794 2456 1908 2543 (cf.
1932 2479 1995 2544 p.
2018 2458 2116 2524 12.
2149 2457 2365 2545 16)-
2391 2461 2568 2545 apud

266 2577 599 2639 Romanos
665 2571 770 2636 hic
831 2568 1210 2635 histrionum
1267 2568 1662 2635 Graecorum
1752 2567 2009 2632 calceus
2076 2567 2443 2634 cothurnus.
2485 2605 2569 2616 —

266 2683 511 2748 Contra
555 2678 786 2745 Pollux
830 2676 1027 2744 tradit
1073 2677 1207 2762 (lv,
1259 2675 1412 2762 115)
1491 2679 1598 2736 καὶ
1660 2679 1736 2737 τοὶ
1795 2672 2210 2759 ὑποδήματα,
2255 2672 2570 2757 κόθορνοι

265 2793 390 2870 μὲν
451 2786 528 2850 τὰ
602 2786 866 2866 τραγικοὶ
924 2788 1032 2847 καὶ
1076 2785 1393 2867 ἕμβοῖδες,
1463 2783 1825 2863 ἐμβάται
1891 2781 1976 2844 δὲ
2019 2786 2103 2844 τοὶ
2151 2782 2569 2868 κωμικοῖ3).

267 2894 602 2978 Quomodo
646 2895 811 2959 haec
866 2892 1214 2959 difficultas
1277 2890 1590 2958 solvenda
1634 2891 1753 2975 sit,
1813 2890 2079 2956 difficile
2123 2898 2221 2957 est
2262 2890 2571 2959 iudicare.

265 3009 446 3073 Haec
491 3009 591 3070 est
633 3021 766 3068 res:
809 3001 1042 3067 Pollux
1087 3002 1262 3068 solus
1325 3005 1633 3084 quantum
1695 2999 1830 3065 scio
1876 2998 2149 3080 ἐμβάται
2193 2999 2268 3062 τὰ
2320 3007 2567 3081 κωμικὰ

264 3104 658 3190 ὑποδήματα
703 3114 896 3174 vocat
909 3108 987 3193 4).

419 3334 474 3404 1)
511 3335 741 3391 Saeculo
779 3342 978 3405 quarto
1036 3350 1085 3389 a.
1137 3336 1262 3390 Chr.
1300 3353 1354 3390 n.
1404 3336 1572 3390 etiam
1629 3335 1851 3389 iuvenes
1909 3320 2194 3390 cothurnis
2253 3336 2567 3391 utebantur.

263 3426 421 3495 Quod
478 3426 675 3482 docent
729 3444 987 3485 vasorum
1034 3428 1286 3496 picturae
1338 3428 1416 3498 (p.
1458 3444 1505 3482 e.
1544 3425 1917 3496 Stackelberg‚
1980 3427 2148 3482 Grab.
2186 3427 2237 3481 d.
2274 3427 2418 3482 Hell.
2456 3429 2568 3497 45).

265 3520 441 3575 Recte
476 3520 647 3587 igitur
684 3536 742 3575 se
778 3521 963 3590 habet,
985 3579 989 3584 ,
1012 3521 1059 3575 si
1098 3519 1169 3575 ad
1199 3521 1361 3575 huius
1416 3521 1683 3588 temporis
1747 3519 2193 3575 consuetudinem
2229 3521 2569 3590 respicimuS,

266 3612 407 3666 illud
443 3612 705 3682 Hesychii
742 3621 797 3667 et
833 3613 1021 3668 Photii
1057 3612 1377 3683 (κόθορνος·
1433 3611 1723 3685 ὖπόδημα,
1780 3613 1966 3666 κοινὸν
2003 3612 2223 3683 ἀνδρῶν
2257 3612 2351 3665 καὶ
2386 3634 2571 3680 γυναι-

265 3706 401 3776 κῶν)
438 3719 538 3759 nec
575 3720 743 3761 causa
793 3712 876 3760 est
914 3721 1011 3759 cur
1060 3706 1203 3760 hanc
1252 3705 1504 3760 notitiam
1554 3705 1855 3760 abiciamus
1893 3711 1953 3760 ut
1990 3705 2202 3760 Becker
2240 3705 2403 3761 Char.
2440 3708 2571 3761 111³

261 3814 318 3866 p.
346 3800 469 3853 282.
545 3796 757 3853 Deinde
794 3799 1048 3853 cothurni
1075 3798 1371 3867 praecipue
1396 3805 1451 3853 et
1486 3804 1808 3853 venatorum
1842 3798 2058 3867 proprii
2094 3803 2253 3851 erant
2287 3798 2461 3869 (Serv,
2499 3800 2570 3854 ad

265 3890 430 3959 Verg.
467 3890 604 3945 Aen.
645 3890 711 3958 V,
749 3891 871 3945 361.
946 3890 1178 3960 Saepius
1228 3905 1359 3944 vero
1409 3888 1594 3944 Diana
1648 3890 1899 3944 venatrix
1936 3890 1993 3943 in
2029 3891 2391 3947 monumentis
2430 3894 2568 3947 artis

266 4000 389 4039 cum
437 3982 724 4039 cothurnis
781 3981 966 4038 efficta
1017 3991 1128 4051 est,
1184 3981 1252 4036 cf.
1291 3998 1429 4051 opus
1479 3984 1675 4038 caelat.
1728 3997 1860 4037 arae
1896 3982 2174 4053 Pergami)
2210 3991 2264 4039 et
2301 3984 2571 4040 citharoe-

265 4076 463 4131 dorum
524 4076 776 4148 (Cassius
816 4075 926 4130 Dio
964 4076 1163 4143 LXIX,
1205 4079 1288 4129 14.
1379 4074 1529 4130 Nero
1598 4075 1949 4131 citharoedus
2013 4090 2265 4131 scaenam
2324 4077 2571 4131 ascendit

265 4169 510 4237 κιθάραν
543 4170 683 4240 ἔχων
718 4167 813 4222 καὶ
847 4168 1207 4237 ὀρθοστάδιον
1241 4168 1334 4221 καὶ
1369 4167 1717 4237 κοθόρνους).
2444 4160 2452 4168 ’

411 4262 468 4329 2)
505 4259 682 4314 Wies.
717 4261 784 4314 D.
825 4260 877 4314 d.
914 4261 977 4313 B.
1015 4261 1134 4315 VII.
1172 4261 1320 4315 VIII.
1356 4260 1433 4314 M.
1472 4261 1522 4314 d.
1561 4262 1603 4314 I.
1643 4262 1739 4328 XI,
1781 4265 1864 4315 13.
1900 4260 2071 4314 Wies.
2124 4261 2160 4314 l.
2201 4276 2250 4314 a.
2275 4262 2369 4329 IX,
2413 4266 2436 4314 1
2480 4278 2566 4315 co·
2643 4269 2647 4276 ’

264 4354 503 4407 thurnus
541 4351 728 4406 herois
766 4358 850 4407 cst
888 4351 1047 4420 flavo,
1086 4353 1315 4408 alterius
1353 4353 1641 4408 histrionis
1679 4352 1833 4407 fusco
1876 4353 2077 4407 colore.

426 4446 484 4516 3)
525 4437 613 4501 Cf.¹
644 4444 766 4512 VII,
805 4447 871 4497 61
911 4446 1140 4516 ἐμβάται
1176 4446 1236 4498 δέ
1274 4445 1452 4515 ὄνομα
1490 4450 1598 4505 τοῖς
1634 4449 1896 4517 κωμικοῖς
1932 4444 2290 4517 ὑποδήμασιν.

404 4541 463 4609 4)
505 4537 649 4593 Nam
688 4536 735 4592 si
776 4536 946 4592 schol.
987 4537 1058 4593 ad
1097 4537 1352 4607 Necyom.
1391 4555 1435 4592 c.
1479 4542 1560 4606 16,
1620 4537 1713 4592 ubi
1751 4538 1817 4593 de
1854 4538 2132 4606 tragoedis
2169 4536 2426 4606 loquitur,
2463 4538 2568 4593 ait:

1994 4652 2038 4714 4
