3125 5000
1501 334 1931 399 -32-

752 506 1033 572 Tiresias
1077 505 1141 571 in
1208 505 1352 570 Eur.
1401 505 1638 570 Phoen.
1706 525 1959 589 corona,
2021 526 2184 589 quae
2246 506 2510 592 praebet
2574 507 2847 591 speciem

584 619 746 702 auri,
790 621 1050 682 ornatus
1094 621 1189 680 est
1235 617 1351 700 (vs.
1399 615 1524 680 856
1568 618 1672 675 καὶ
1718 613 1899 678 τόνδε
1940 618 2217 697 χρυσοῦν
2240 618 2557 699 στέφανον
2585 613 2672 688 ὠς
2700 613 2862 699 δρᾷς

580 729 701 808 ἔχω
747 722 1014 810 λαβών).

750 834 1098 899 Theonoae
1156 831 1221 895 in
1285 831 1433 896 Eur.
1496 831 1638 896 Hel.
1700 830 1867 897 duae
1935 851 2162 897 servae
2237 831 2464 899 taedas
2525 831 2858 917 proferunt

585 943 705 1030 (vs.
738 943 864 1008 865
893 941 1134 1006 Theon.
1180 939 1263 1004 ad
1311 939 1419 1005 alt.
1464 960 1626 1005 serv.
1672 938 1829 1023 ἡγοῦ
1872 942 1951 1004 σύ
1993 964 2102 1022 μοι
2149 925 2435 1025 φέρουσα
2472 938 2856 1025 λαμπτήρων

582 1051 771 1124 σέλας
815 1047 962 1135 κτὲ).

755 1159 823 1240 6)
870 1156 1327 1242 Supplices.
1417 1155 1712 1239 Insignia
1753 1156 2110 1242 supplicum
2151 1165 2298 1223 sunt
2338 1159 2662 1225 verbenae
2705 1158 2857 1226 lana

582 1267 734 1333 alba
770 1264 1292 1346 circumvelatae,
1338 1264 1714 1347 quibuscum
1752 1264 2097 1350 prodeunt:
2142 1266 2475 1333 Danaides
2518 1270 2582 1333 in
2630 1269 2857 1336 Aesch.

583 1375 800 1462 Suppl.
827 1375 944 1461 (νε.
970 1375 1052 1439 23
1079 1370 1455 1455 ἕριόστεπτοι
1501 1371 1730 1434 aloidas
1750 1393 1843 1439 vs.
1870 1376 1995 1439 190
2013 1374 2445 1457 λευκοστεφεῖς
2487 1375 2860 1463 {amplaq—

582 1484 690 1546 διὰ
736 1485 935 1567 χερῶν
958 1481 1367 1564 ἐπωνύμων),
1411 1479 1582 1545 chor.
1604 1481 1668 1545 in
1699 1480 1845 1546 Eur.
1865 1480 2085 1567 Suppl.
2109 1482 2228 1567 (vs.
2258 1483 2338 1548 10
2359 1478 2556 1568 ἱκτῆρι
2577 1485 2861 1573 &AM-cp),

582 1593 834 1658 Iocaste
896 1590 964 1654 in
1026 1588 1221 1674 Soph.
1278 1586 1435 1654 Oed.
1494 1588 1655 1671 Reg.
1700 1589 1817 1674 (vs.
1863 1590 1990 1654 913
2032 1588 2171 1651 τάδ’
2233 1589 2305 1652 ἐν
2367 1602 2576 1672 χεροτν
2621 1593 2865 1680 στέφη),

586 1700 788 1767 Orest
845 1700 909 1765 in
973 1698 1204 1765 Aesch.
1264 1696 1548 1783 Ohoeph.
1608 1699 1731 1782 (vs.
1800 1699 1968 1765 1035
2033 1703 2139 1760 καὶ
2206 1702 2325 1762 νῦν
2394 1698 2585 1784 ὁρᾶτέ
2640 1703 2729 1782 μ’,
2776 1699 2865 1776 ὥς

586 1810 1176 1890 παρεσκευασμένος
1252 1809 1367 1882 ξῦν
1441 1804 1601 1891 τῷδε
1677 1804 1912 1892 θαλλῷ·
1977 1810 2085 1868 καὶ
2157 1809 2367 1890 στέφει
2434 1810 2868 1895 προσίξομαι),

587 1917 809 2004 Suppl.
852 1917 918 1982 in
961 1916 1156 2002 Soph.
1201 1914 1360 1982 Oed.
1407 1915 1567 1998 Reg.
1614 1916 1735 1998 (νε.
1759 1917 1837 1980 37
1889 1909 2183 1998 ἱκτηρίοις
2217 1915 2550 1978 κλάδοισιν
2591 1915 2865 1999 ἐξεστεμ-

585 2027 816 2109 μένοι),
862 2026 976 2091 Iol.
1014 2031 1078 2089 et
1119 2024 1232 2089 inf.
1277 2024 1460 2089 Herc.
1517 2025 1585 2088 in
1619 2024 1768 2088 Eur.
1821 2023 2074 2088 Heracl.
2120 2027 2239 2108 (vs.
2264 2024 2349 2089 70
2393 2018 2591 2087 ἱκέται
2631 2024 2867 2098 δ’ὅντες

590 2133 991 2218 βιαζόμεσθα
1039 2136 1147 2194 καὶ
1194 2136 1388 2215 στέφη
1431 2131 1798 2216 μιαίνεται).

756 2246 824 2327 7)
872 2243 1273 2310 Coronati.
1336 2241 1925 2309 Coronandicausa
1947 2240 2224 2306 maxime
2248 2239 2658 2308 diversafuit.
2717 2243 2858 2309 Ple-

578 2373 842 2437 rumque
860 2373 1011 2418 vero
1027 2353 1147 2417 fuit
1165 2351 1418 2435 insigne
1442 2371 1677 2433 eorum,
1723 2351 1830 2434 qui
1850 2351 2085 2434 gaudio
2106 2351 2322 2417 affecti
2346 2358 2544 2417 erant.
2592 2352 2733 2431 Qua
2781 2351 2862 2419 de

581 2484 776 2531 causa
795 2462 1093 2529 sacerdos
1113 2460 1178 2527 in
1202 2459 1398 2547 Soph.
1414 2459 1571 2527 Oed.
1591 2461 1750 2544 Reg.
1771 2460 2107 2527 Creontem
2131 2469 2499 2527 coronatum
2520 2461 2862 2548 aspiciens,

583 2575 903 2641 exclamat
948 2575 1067 2654 (νε.
1112 2572 1223 2657 82)
1268 2568 1409 2631 ἀλλ’
1453 2568 1705 2631 εἰκάσαι
1745 2573 1881 2654 μὲν,
1929 2569 2118 2654 ἡδύς·
2151 2569 2230 2633 οὐ
2257 2573 2380 2654 γὰρ
2427 2574 2512 2634 ἄν
2537 2575 2707 2654 κοίρα
2753 2597 2861 2636 πο·

585 2681 891 2763 λυστεᾳῆς
935 2673 1048 2740 οἷδ’
1090 2674 1262 2761 εἷρπε
1308 2675 1697 2760 παγκάρπου
1743 2676 1997 2760 δάφνης
2020 2678 2087 2763 ¹).
2176 2680 2310 2744 Nec
2353 2680 2540 2745 aliter
2582 2681 2755 2748 chor.
2797 2681 2864 2747 in

587 2789 781 2875 Soph.
829 2788 1058 2853 Trach.
1105 2786 1185 2853 de
1231 2785 1616 2852 adveniente
1681 2786 1903 2852 nuntio
1964 2787 2058 2851 ait
2117 2786 2236 2871 (vs.
2285 2788 2436 2872 178)
2502 2791 2858 2873 καταστεφῆ

583 2898 892 2977 στείχονθ’
957 2893 1085 2979 ὁρῶ
1145 2896 1259 2958 τιν’
1325 2894 1535 2977 ἄνδρα
1602 2896 1761 2976 πρὸς
1820 2893 2031 2977 χαρὰν
2105 2895 2333 2973 λόγων,
2395 2895 2748 2982 Clytaemn.
2794 2898 2863 2963 in

580 3007 807 3073 Aesch.
853 3009 1080 3089 Agam.
1140 3005 1221 3071 de
1280 3024 1595 3091 praecone
1641 3007 1758 3088 (νε.
1803 3004 1961 3088 493)
2025 3007 2239 3086 κήρυκ’
2303 3003 2416 3067 ἀπ’
2460 3006 2648 3087 α’κτῆς
2690 3005 2864 3067 τόνδ’

590 3112 722 3199 δρῶ·
769 3113 1110 3176 κατάσκιον
1154 3112 1414 3186 κλάδοις
1457 3110 1773 3198 ἐλαίαςῖ).
1860 3111 2145 3180 Theseus
2203 3114 2267 3179 in
2312 3114 2461 3179 Eur.
2503 3114 2695 3198 Hipp.
2740 3117 2863 3199 (νε.

585 3224 693 3303 73)
740 3223 794 3285 τί
837 3220 991 3302 δῆτα
1037 3219 1231 3284 τοῖσδ’
1277 3217 1659 3302 α’νέστεμμαι
1705 3218 1876 3304 κοίρα
1921 3219 2205 3295 πλεκτοῖς
2251 3219 2515 3304 φύλλοις
2561 3220 2863 3306 δυστυχής

581 3332 830 3413 θεωρὸς
873 3332 1001 3409 ὥνς
1110 3395 1116 3401 .

754 3442 916 3506 Tum
963 3438 1268 3506 Hercules
1312 3458 1353 3502 a
1423 3456 1585 3502 cena
1643 3437 1907 3504 veniens
1972 3459 2270 3504 coronam
2335 3445 2551 3522 gestat
2592 3439 2661 3505 in
2704 3440 2854 3507 Eur.

581 3548 740 3634 Alo„
825 3547 977 3632 quia
1040 3546 1105 3611 in
1172 3544 1485 3610 conviviis
1564 3552 1756 3630 caput
1831 3546 2256 3612 coronabatur
2325 3548 2444 3630 (vs.
2493 3548 2623 3613 759
2684 3549 2863 3616 Serv,

583 3658 793 3740 στέφει
866 3655 937 3717 δὲ
995 3656 1196 3736 κρᾶτα
1257 3653 1555 3737 μυρσίνης
1621 3652 1901 3728 κλάδοις.
1950 3674 2041 3720 νε.
2090 3655 2233 3720 831.
2292 3653 2477 3721 Herc.
2535 3652 2695 3737 κᾷτα
2744 3682 2858 3720 κω-

578 3765 761 3848 μοέζω
825 3764 994 3845 κοίροι
1061 3765 1401 3844 στεφάνοις
1465 3765 1824 3837 πυκασθείς
1832 3790 1858 3841 ,-
1915 3800 1988 3810 -
2049 3762 2149 3829 De
2194 3764 2445 3831 coronis
2490 3764 2863 3833 hederaeeis

583 3874 891 3942 cultorum
937 3870 1173 3938 Bacchi
1219 3870 1378 3957 (Tir.
1421 3877 1483 3936 et
1527 3869 1774 3949 Oadm.)
1820 3871 1902 3937 cf.
1945 3891 2160 3957 supra.

724 4169 778 4238 1)
813 4167 984 4222 Recte
1021 4166 1146 4223 adn.
1183 4167 1253 4222 ad
1289 4167 1344 4223 h.
1381 4168 1417 4224 1.
1456 4166 1831 4223 Schneidewin
1885 4182 1939 4235 p.
1979 4169 2050 4221 40
2108 4167 2637 4226 ‘Lorbeerbekranzt
2693 4188 2864 4241 zogen

580 4257 671 4313 die
705 4257 760 4311 in
799 4256 886 4311 die
920 4256 1206 4326 Heimath,
1242 4257 1446 4313 welche
1500 4273 1571 4312 an
1627 4258 1801 4312 einem
1838 4255 2184 4311 Orakelsitze
2255 4259 2578 4327 gliicklic
2598 4260 2727 4316 hen
2765 4262 2865 4316 Be-

582 4345 768 4402 scheid
806 4346 1054 4400 erhalten
1088 4345 1296 4401 hatten.
1371 4345 1452 4404 cf.
1477 4346 1658 4401 Schol.
1685 4374 1754 4387 —
1772 4344 2282 4416 Miiller-Wieseler,
2320 4347 2387 4403 D.
2406 4346 2457 4403 d.
2480 4364 2530 4405 a.
2548 4350 2618 4406 Κ.
2653 4351 2724 4421 11,
2759 4355 2864 4408 947

581 4443 637 4491 et
673 4434 843 4491 Wies.
881 4434 1004 4490 adn.
1042 4434 1113 4489 ad
1147 4434 1202 4488 h.
1240 4451 1385 4491 vase.

728 4529 785 4596 2)
822 4527 961 4583 ‘Nisi
984 4527 1380 4595 intellegendus
1405 4533 1489 4582 est
1507 4541 1692 4580 ramus
1710 4527 1887 4582 olivae
1905 4542 2062 4596 quem
2080 4543 2244 4583 manu
2261 4532 2547 4598 gestabat'.
2584 4532 2868 4590 Wieseler.
