3125 5000
1460 311 1893 376 -16-

541 480 1002 566 perfectionem
1049 483 1337 568 venisse,
1409 485 1785 568 praesertim
1847 504 1988 549 cum
2050 486 2242 551 etiam
2306 507 2410 552 ars
2457 487 2828 554 histrionum

535 597 668 656 tum
711 591 990 657 maxime
1033 590 1317 657 floruerit
1337 591 1407 676 1).
1451 628 1536 640 —-

712 700 840 765 Res
897 700 1189 783 minima,
1255 699 1370 765 sed
1434 706 1651 766 tamen
1733 704 2333 769 commemoratione
2412 702 2615 786 digna
2686 724 2829 770 esse

535 807 688 871 mihi
738 807 984 872 videtur
1048 808 1217 891 quod
1275 808 1503 873 Pollux
1573 829 1730 873 voce
1792 807 2115 890 κόθορνος
2180 812 2392 876 utitur.
2486 813 2652 878 Nam
2694 814 2821 878 iam

533 927 728 986 antea
773 922 863 1003 (p.
894 919 973 982 12
1002 917 1150 983 adn.
1179 916 1248 1003 3)
1288 917 1563 982 vidimus
1610 917 1731 985 hac
1775 939 1929 985 voce
1961 920 2196 986 Jubam
2241 922 2677 987 calceamenta
2709 922 2821 988 illa

525 1028 777 1111 tragica
820 1025 1239 1109 significasse.
1262 1061 1348 1072 -
1392 1025 1535 1091 Non
1561 1024 1823 1091 dubium
1869 1027 2009 1103 erit,
2056 1027 2208 1109 quin
2254 1033 2508 1111 praeter
2542 1028 2823 1095 Pollucis

531 1134 1062 1219 descriptionem,
1130 1131 1300 1214 quod
1362 1133 1548 1198 nobis
1612 1153 1652 1197 a
1697 1134 2117 1214 grammatico
2176 1134 2240 1199 in
2307 1134 2514 1200 Bekk.
2578 1135 2822 1201 Anecd.

531 1244 676 1310 Par.
719 1244 772 1328 Ι,
821 1247 898 1307 19
945 1241 1251 1326 traditur,
1316 1261 1352 1306 e
1395 1242 1606 1308 Jubae
1652 1242 1824 1323 regis
1871 1242 2035 1308 libro
2081 1242 2352 1308 fluxerit.
2440 1245 2606 1309 Nam
2651 1244 2820 1328 quod

535 1353 725 1419 affert
769 1373 910 1418 cum
955 1351 1235 1417 Pollucis
1282 1351 1493 1416 verbis
1543 1352 1894 1431 consentit,
1961 1352 2074 1418 sed
2119 1352 2436 1437 permulta
2481 1374 2609 1419 non
2654 1374 2816 1420 com·

533 1467 857 1526 memorat.
945 1460 1016 1526 Si
1060 1466 1256 1524 antea
1299 1466 1470 1524 recte
1502 1458 1887 1542 censuimus,
1929 1458 2035 1523 hic
2071 1480 2320 1544 quoque
2351 1460 2622 1545 scriptor
2664 1481 2820 1527 voce

530 1566 852 1650 κόθορνος
899 1567 988 1632 uti
1034 1566 1241 1632 debet.
1329 1567 1410 1631 Et
1430 1566 1718 1651 profecto
1766 1568 1993 1632 utitur!
2047 1603 2117 1612 -—-—

1115 1882 1229 2001 ΪΙ.
1334 1921 1571 2003 Artis
1624 1924 2208 2003 monumenta.

632 2100 653 2119 “
699 2092 990 2157 Scaenae
1036 2099 1100 2156 et
1141 2091 1379 2175 singuli
1442 2091 1784 2158 histriones
1851 2111 1933 2157 ex
1994 2091 2346 2159 Alexandri
2392 2092 2612 2176 Magni
2660 2097 2814 2157 tem-

531 2199 794 2283 poribus
853 2199 937 2264 ab
1031 2199 1383 2265 artificibus
1459 2200 1830 2266 clarissimis
1914 2202 2292 2287 saepissime
2362 2201 2812 2286 pingebantur.

540 2309 657 2397 Ita·
685 2308 898 2392 pinxit
943 2306 1257 2375 Aristides
1302 2308 1383 2393 (c.
1429 2308 1528 2375 Ol.
1580 2310 1763 2374 100-
1799 2308 1950 2395 110)
2018 2310 2396 2394 tragoedum
2444 2316 2508 2375 et
2550 2329 2816 2395 puerum

526 2416 718 2502 (Plin.
762 2416 1032 2502 XXXV,
1079 2415 1211 2503 99),
1257 2437 1422 2500 quae
1488 2417 1739 2503 pictura
1806 2418 1872 2482 in
1931 2417 2165 2503 templo
2209 2418 2529 2504 Apollinis
2572 2419 2816 2484 Romae

525 2533 693 2609 erat,
757 2525 991 2590 Aetion
1054 2525 1489 2609 Tragoediam
1553 2533 1618 2592 et
1662 2525 2075 2592 Comoediam
2129 2528 2320 2611 (Plin.
2365 2526 2635 2610 XXXV,
2680 2527 2816 2612 78),

524 2632 786 2717 Apelles
845 2632 1226 2716 tragoedum
1292 2633 1482 2720 (Plin.
1527 2633 1794 2718 XXXV,
1840 2632 1985 2718 93),
2052 2633 2355 2700 Cratinus
2399 2633 2673 2700 comicos
2717 2632 2812 2698 hi·

467 2783 475 2789 ·
525 2742 797 2808 striones
843 2741 1030 2826 (Plin.
1060 2742 1146 2807 ib.
1173 2742 1342 2827 140),
1388 2742 1684 2807 Eudorus
1731 2742 1844 2826 (ib.
1875 2742 2027 2825 141)
2074 2747 2138 2806 et
2159 2742 2472 2826 Serapion
2518 2742 2631 2827 (ib.
2659 2741 2811 2827 113)

520 2871 830 2935 scaenaS,
896 2850 1155 2916 Calates
1223 2851 1500 2916 comicas
1568 2851 1840 2917 tabellas
1909 2851 2020 2935 (ib.
2070 2850 2222 2934 114)
2246 2849 2317 2935 2).
2366 2886 2443 2898 -

692 2958 964 3024 Etiamsi
1034 2957 1159 3025 hae
1225 2960 1516 3044 picturae
1583 2959 1767 3044 ipsae
1840 2980 1971 3025 non
2044 2964 2342 3024 servatae
2384 2964 2550 3042 sunt,
2595 2964 2811 3024 tamen

518 3087 673 3133 casu
749 3067 921 3133 felici
994 3068 1095 3133 vel
1164 3067 1406 3134 infelici
1477 3067 1688 3134 dicam
1764 3067 2003 3133 factum
2066 3072 2194 3152 est,
2253 3074 2323 3131 ut
2385 3065 2684 3150 Pompeis
2745 3074 2810 3133 et

529 3174 913 3240 Herculanei
958 3175 1350 3242 imitationes
1396 3195 1614 3241 earum
1663 3174 1746 3240 ad
1791 3182 2009 3241 nostra
2052 3181 2341 3259 tempora
2386 3173 2696 3239 venirent.

690 3283 1041 3368 Praecipue
1085 3304 1503 3368 personarum
1549 3285 1838 3368 picturae
1884 3284 1973 3348 ihi
2017 3282 2103 3348 ad
2148 3281 2555 3349 exornandos
2599 3282 2808 3368 parie-

518 3399 616 3459 tes
663 3393 1161 3478 usurpabantur‚
1229 3391 1343 3458 sed
1389 3392 1739 3459 nonnullae
1782 3398 2028 3458 tantum
2074 3390 2161 3456 ad
2206 3398 2588 3477 apparatum
2633 3412 2808 3458 scae-

515 3502 726 3567 nicum
772 3500 994 3566 referri
1038 3507 1306 3586 possunt
1320 3499 1391 3586 ⁸).
1480 3501 1645 3565 Tum
1678 3507 1890 3567 autem
1934 3519 2208 3566 scaenae
2234 3520 2483 3584 quoque
2516 3507 2808 3586 repertae

527 3617 707 3677 suntz
751 3610 818 3674 in
863 3609 1093 3693 quibus
1138 3609 1478 3675 histriones
1520 3608 1755 3693 tragici
1779 3615 1893 3675 aut
1937 3608 2281 3675 cothurnos
2295 3607 2352 3692 ⁴)
2398 3615 2511 3674 aut
2555 3611 2803 3676 calceos

514 3725 762 3784 tantum
806 3722 1062 3802 gestant
1073 3716 1144 3802 ⁵).

518 3993 523 3998 .
662 3950 712 4020 1)
753 3950 832 4007 Cf.
874 3927 1098 4020 Grysar,
1136 3946 1204 4002 de
1241 3945 1577 4001 Graecorum
1612 3952 1756 4014 trag.
1815 3944 1960 4013 qual.
2021 3943 2161 3998 fuer.
2211 3960 2258 4001 c.
2307 3952 2473 4016 temp.
2522 3945 2805 4005 Demosth.

519 4043 632 4099 001.
674 4048 812 4099 1830
848 4061 902 4113 p.
940 4044 1169 4098 27-39.

658 4136 715 4206 2)
754 4134 834 4189 Cf.
871 4135 1080 4202 Maass‚
1117 4133 1320 4188 Annali
1361 4133 1496 4187 1881
1536 4147 1593 4199 p.
1636 4131 1754 4187 155.

657 4230 712 4297 3)
750 4227 831 4281 Cf.
867 4225 1094 4293 Robert,
1132 4226 1296 4281 Arch.
1321 4225 1443 4294 Ztg.
1470 4227 1623 4291 1878,
1659 4224 1695 4277 l.
1716 4238 1765 4278 a.
1793 4253 1862 4264 -
1887 4223 1972 4278 De
1996 4238 2142 4291 pers.
2163 4225 2398 4281 scaenic.
2432 4241 2602 4293 agem.
2638 4224 2812 4287 infra.

650 4322 709 4392 4)
745 4320 915 4374 Wies.
952 4319 1100 4374 VIII.
1143 4320 1223 4372 12.
1260 4320 1356 4376 IX.
1399 4321 1444 4373 1.

655 4413 710 4483 5)
751 4413 920 4467 wies.
960 4412 1055 4478 XI,
1095 4414 1148 4465 5.
1184 4411 1399 4480 Helbig,
1438 4409 1760 4477 Wandgem.
1797 4388 2098 4464 No.'1466.
2136 4410 2213 4465 M.
2252 4411 2303 4465 d.
2342 4412 2394 4465 J.
2434 4412 2529 4480 xl,
2572 4415 2802 4466 30—32.

510 4507 773 4573 Presuhn,
811 4504 1053 4573 Pompei.
1128 4503 1316 4571 Leipz.
1357 4506 1507 4572 1882,
1545 4502 1672 4556 Abt.
1709 4502 1806 4568 IX,
1843 4500 1964 4555 Taf.
1998 4501 2076 4555 IV
2078 4542 2091 4556 .
