3125 5000
1443 299 1879 364 „14-

523 474 586 537 2.
629 494 691 556 p.
734 471 987 553 XXIII)
1008 472 1080 551 ι).
1169 471 1404 538 Bacchi
1463 472 1666 557 ipsius
1732 473 1988 555 signum
2060 472 2128 537 in
2192 492 2303 537 ore
2366 472 2629 537 tinctum
2678 478 2818 537 erat

519 581 740 664 (Paus.
784 580 865 663 II,
909 582 969 665 2,
1016 580 1057 644 5
1102 582 1175 642 τὰ
1242 579 1315 642 δὲ
1395 579 1713 663 πρόσωπα
1781 579 2028 670 α’λωφῇ
2089 582 2308 671 σφίσιν
2389 580 2645 663 ἐρυθρᾷ
2723 600 2818 640 κε-

523 687 848 772 κόσμηται.
897 687 996 754 Of.
1040 687 1125 753 ib.
1170 687 1316 771 VII,
1361 688 1466 771 25,
1513 688 1646 772 11).

691 797 916 876 Qualis
966 796 1158 862 fuerit
1203 797 1400 863 vestis
1443 796 1787 881 Thespidis
1829 796 2108 864 maxime
2153 817 2189 862 e
2240 795 2645 864 vasculorum
2688 796 2819 881 pic-

521 905 680 971 turis
724 905 897 971 illius
942 905 1244 989 temporis
1291 924 1677 989 cognoscere
1723 924 2079 989 possumus.
2163 905 2543 989 Plerumque
2566 904 2815 988 figurae

517 1018 776 1096 gestant
819 1013 1102 1078 tunicam
1133 1013 1402 1079 talarem
1429 1014 1570 1079 sine
1598 1014 1890 1098 manicis,
1933 1013 2134 1079 variis
2170 1013 2380 1079 modis
2435 1018 2727 1079 ornatam
2740 1011 2815 1097 ²).

695 1119 856 1185 Cum
924 1121 1045 1186 hac
1103 1121 1323 1187 tunica
1381 1122 1574 1187 talari
1641 1122 2068 1188 Athenienses
2127 1141 2330 1205 usque
2389 1121 2474 1187 ad
2519 1112 2814 1206 tempora

514 1234 763 1295 tantum
807 1229 1208 1314 Thucydidis
1255 1230 1353 1295 usi
1396 1231 1527 1296 sint
1542 1229 1616 1316 3),
1680 1232 1748 1296 in
1815 1230 1987 1296 cultu
2055 1233 2250 1296 etiam
2294 1235 2521 1315 postea
2564 1249 2815 1313 semper

517 1343 824 1422 usurpata
871 1344 1008 1422 est,
1052 1338 1145 1403 ita
1191 1358 1232 1402 a
1276 1338 1712 1405 sacerdotibus
1728 1339 1783 1425 4)
1828 1360 1869 1404 a
1913 1339 2318 1423 citharoedis,
2364 1340 2445 1405 ab
2492 1338 2811 1405 histrioni—

520 1447 658 1511 bus.
746 1445 889 1524 Qua
934 1466 1014 1512 ex
1079 1446 1498 1513 similitudine
1559 1448 1726 1512 inter
1794 1447 2083 1513 habitum
2150 1446 2527 1513 histrionum
2571 1452 2637 1511 et
2682 1445 2811 1510 cul-

520 1562 725 1619 torum
791 1554 1029 1619 Bacchi
1087 1552 1324 1619 factum
1388 1560 1515 1639 est,
1586 1559 1654 1619 ut
1726 1575 1867 1620 cum
1934 1555 2243 1620 memoria
2302 1554 2584 1639 priorum
2646 1560 2812 1619 tem-

519 1682 745 1747 porum
790 1661 1158 1728 evanuisset
1210 1668 1502 1728 ornatum
1547 1663 1857 1727 cultorum
1904 1662 2143 1727 Bacchi
2187 1661 2605 1727 imitationem
2671 1679 2816 1726 esse

514 1771 771 1836 habitus
846 1771 1125 1836 scaenici
1214 1771 1553 1856 scriptores
1641 1771 2083 1836 existimarent
2161 1771 2418 1855 (Athen.
2462 1771 2514 1855 Ι,
2559 1771 2639 1834 21
2704 1771 2812 1829 καὶ

513 1876 829 1955 Αἰσχύλος
908 1876 978 1940 δὲ
1033 1875 1110 1942 οὔ
1147 1878 1352 1953 μόνον
1394 1878 1610 1960 ἐξεῦρε
1667 1883 1778 1960 τὴν
1838 1881 1944 1960 τῆς
1987 1877 2205 1960 στολῆς
2247 1876 2638 1958 εὐπρέπειαν
2706 1878 2813 1936 καὶ

515 1985 858 2070 σεμνότητα
905 1987 985 2069 ἢν
1031 1984 1417 2068 ζηλώσαντες
1463 1985 1524 2048 οἳ
1586 1982 1965 2068 ἱεροφάνται
2023 1989 2129 2046 καὶ
2175 1985 2482 2066 δᾳδοῢχόι
2540 1983 2810 2069 α’μφιέν.

514 2108 733 2152 νυνται
798 2087 947 2176 κτὲ).
1035 2091 1247 2155 Etiam
1307 2091 1539 2156 nostris
1604 2089 1831 2156 diebus
1906 2090 2065 2156 haec
2107 2089 2454 2156 similitudo
2499 2089 2626 2154 nisi
2671 2089 2811 2173 ipse

514 2197 704 2262 fallor
748 2198 1091 2263 Robertum
1139 2197 1385 2263 fefellit.
1471 2199 1546 2262 In
1594 2218 1786 2283 opere
1832 2199 1998 2265 enim
2047 2199 2327 2280 caelat0,
2392 2198 2562 2281 quod
2608 2217 2812 2282 nuper

508 2304 716 2371 edidit
730 2304 814 2388 ⁵),
890 2326 1055 2389 quae
1116 2308 1366 2390 figurae
1409 2306 1658 2372 sedenti
1704 2308 2253 2391 appropinquant,
2300 2306 2640 2373 histriones
2685 2315 2812 2371 tra-

512 2414 690 2497 gicos
766 2432 908 2479 esse
973 2415 1351 2498 suspicatur.
1440 2413 1569 2478 Sed
1634 2415 1756 2479 hac
1814 2414 1880 2480 in
1943 2434 2013 2481 re
2073 2434 2215 2480 cum
2289 2414 2599 2498 magistro
2666 2434 2810 2482 meo

513 2521 880 2590 doctissimo
940 2522 1303 2588 consentire
1347 2541 1474 2587 non
1507 2541 1784 2606 possum.
1870 2523 2033 2589 Nam
2059 2523 2212 2606 quia
2242 2522 2530 2589 cothurni
2562 2522 2813 2606 desunt,

510 2630 605 2695 illi
654 2652 783 2697 non
831 2637 978 2697 sunt
1022 2630 1398 2714 histriones,
1465 2629 1583 2695 sed
1642 2632 1852 2714 potius
1910 2632 2185 2697 cultores
2229 2631 2500 2711 Bacchi,
2542 2652 2810 2716 quorum

513 2739 708 2806 vestis
761 2776 839 2790 ·-
891 2746 959 2804 ut
1003 2759 1083 2804 ex
1119 2739 1352 2805 Athen.
1383 2739 1525 2804 loco
1570 2740 1777 2806 elucet
1821 2775 1904 2788 —-
1950 2741 2381 2826 respondebat
2422 2739 2675 2806 habitui
2718 2740 2811 2806 hi-

510 2848 840 2914 strionum.
932 2847 1201 2914 Accedit
1246 2847 1416 2930 quod
1460 2848 1710 2930 figurae
1753 2853 2063 2933 tympana
2131 2854 2427 2933 gestant,
2485 2869 2652 2932 quae
2697 2870 2813 2934 ap-

508 2957 675 3022 tiora
719 2961 868 3022 sunt
915 2955 1001 3020 ad
1032 2955 1273 3020 Bacchi
1305 2957 1578 3021 cultores
1625 2975 1815 3038 quam
1861 2956 1947 3022 ad
1991 2956 2331 3023 histriones
2376 2958 2680 3041 tragicos.
2721 2993 2810 3005 —
2868 2993 2876 3000 ·

693 3065 793 3129 De
839 3065 1090 3148 origine
1151 3064 1411 3130 habitus
1480 3064 1764 3130 scaenici
1829 3067 2166 3150 scriptores
2219 3066 2596 3150 ‘posterioris
2659 3074 2813 3130 tem-

512 3172 686 3258 poris
731 3172 1136 3239 incredibilia
1194 3173 1328 3239 fere
1393 3174 1808 3258 protulerunt.
1896 3175 2044 3241 Jam
2104 3174 2593 3241 commemoravi
2637 3175 2810 3258 quod

514 3280 891 3348 Athenaeus
936 3279 1149 3345 tradit.
1234 3281 1469 3348 Strabo
1513 3301 1667 3347 vero
1713 3282 2053 3348 histriones
2096 3290 2308 3349 vestes
2351 3282 2807 3349 Thessalorum

513 3387 799 3454 imitatos
844 3406 986 3453 esse
1032 3389 1281 3454 censuit
1327 3386 1472 3474 (XI,
1517 3389 1600 3452 12
1657 3387 1765 3466 τὴν
1807 3388 2052 3472 ἐσθῆτα
2098 3387 2170 3451 δὲ
2222 3388 2333 3472 τῆν
2389 3385 2810 3473 Ἅρμηνιακῆν

524 3493 916 3576 Θετταλικῆν
962 3511 1183 3578 φασιν,
1231 3494 1366 3558 οἷον
1408 3497 1548 3569 τοὺς
1591 3498 1826 3576 βαθεῖς
1867 3499 2134 3577 χιτῶνας
2178 3496 2289 3569 οὓς
2318 3495 2621 3561 καλοῦσιν
2652 3500 2810 3561 Θετ-

660 3659 711 3729 1)
750 3659 830 3715 Cf.
869 3661 930 3716 B.
972 3660 1196 3729 Arnold,
1232 3661 1415 3717 Ueber
1448 3662 1683 3717 Masken
1719 3658 2035 3730 (Verhandl.
2076 3658 2127 3715 d.
2167 3659 2252 3713 29.
2288 3657 2430 3744 Phq.
2467 3659 2625 3715 Vers.
2666 3662 2807 3715 1879

511 3763 565 3816 p.
607 3747 712 3818 16).

658 3840 715 3909 2)
754 3841 874 3909 Qua
912 3841 979 3896 de
1017 3857 1184 3897 causa
1222 3843 1366 3911 quod
1402 3844 1461 3898 in
1498 3843 1617 3898 cod.
1654 3841 1799 3897 Med.
1836 3840 2140 3910 Aeschylus
2169 3841 2422 3910 χειρῖδας
2454 3840 2510 3893 in
2549 3853 2808 3895 scaenam

511 3935 720 4003 primus
758 3934 1013 3990 intulisse
1049 3935 1305 4004 traditur,
1345 3938 1513 3991 etiam
1547 3937 1654 3991 hac
1690 3950 1759 3989 ex
1793 3939 1954 4002 parte
1993 3947 2254 3989 summam
2278 3932 2528 3987 veritatis
2564 3933 2805 4000 speciem

510 4025 852 4094 adipiscitur.

654 4119 711 4189 3)
751 4118 920 4173 Thuc.
959 4120 1002 4187 I,
1041 4122 1091 4174 6.
1131 4150 1195 4159 -
1259 4119 1416 4175 Eust.
1457 4120 1526 4173 ad
1563 4118 1626 4172 Il.
1664 4117 1814 4185 XIII,
1853 4117 1957 4171 685
1994 4132 2047 4185 p.
2089 4117 2211 4184 954,
2250 4118 2336 4171 47.
2377 4115 2515 4170 Poll.
2552 4114 2674 4184 VII,
2715 4121 2802 4173 71.

652 4209 709 4279 4)
749 4210 826 4264 Of.
867 4212 1207 4268 sacerdotem
1244 4213 1392 4267 inter
1428 4211 1558 4265 deos
1575 4251 1589 4278 ,
1647 4210 1741 4277 qui
1777 4209 2027 4264 sedentes
2065 4207 2180 4263 ficti
2219 4214 2345 4263 sunt
2381 4208 2439 4261 in
2475 4223 2643 4276 opere
2683 4226 2807 4267 cae-

507 4302 622 4358 lato
662 4319 831 4372 supra
865 4310 1083 4373 portam
1151 4304 1342 4374 templi
1376 4304 1659 4359 Minervae
1710 4317 1868 4371 quem
1902 4307 2100 4357 vocant
2138 4300 2540 4357 Parthenonem
2576 4302 2635 4357 in
2674 4320 2806 4360 arce

506 4396 933 4452 Atheniensium.

652 4490 709 4561 5)
746 4490 931 4545 Mitth.
970 4488 1021 4543 d.
1067 4489 1217 4544 arch.
1255 4490 1388 4544 Inst.
1427 4488 1485 4542 in
1523 4486 1654 4541 Ath.
1697 4486 1834 4541 1882
1871 4483 1991 4540 Taf.
2027 4484 2122 4540 IV.
