3125 5000
1298 307 1721 377 ...0352-

1226 482 1288 548 2.
1379 480 1780 545 Feminae.

537 609 601 692 1)
648 606 1082 673 Heroides.
1171 607 1374 673 Senes
1422 605 1486 691 (ἡ
1538 606 1790 692 πολιὰ).
1877 606 2104 673 Crines
2149 607 2280 673 albi
2301 607 2495 690 longe
2540 605 2645 672 de-

359 714 747 801 pendebant.
836 715 1138 780 Mulieres
1195 714 1471 781 maiores
1536 721 1693 778 natu
1757 714 1849 798 (τὸ
1920 713 2272 797 ἐλεύθερον
2345 714 2645 800 γρᾴδιον)

357 825 703 907 gestabant
747 823 1014 907 capillos
1058 823 1290 907 partim
1334 823 1519 888 albos
1564 823 1800 906 partim
1841 820 2065 888 flavos.

536 932 857 997 Mulieres,
944 932 1173 997 Pollux
1219 938 1673 997 commemorat
1715 950 2053 1016 personam
2097 950 2239 996 cum
2284 931 2487 1014 nigris
2530 932 2651 997 cri-

355 1041 545 1107 nibus
592 1039 656 1126 (ἦ
705 1040 1079 1120 κατοίκωμος
1110 1037 1340 1126 ὠχρά),
1385 1040 1567 1105 cuius
1609 1040 1825 1104 vultus
1870 1038 2066 1104 tristis
2111 1046 2268 1124 erat,
2310 1045 2649 1123 praeterea

353 1152 463 1233 τήν
505 1150 918 1231 μεσόκουρον,
968 1149 1148 1214 cuius
1213 1148 1407 1213 crinis
1473 1148 1541 1209 ἐκ
1586 1151 1783 1228 μέσον
1836 1148 2152 1226 κέκαρται,
2199 1156 2263 1211 et
2304 1149 2414 1230 τὴν
2455 1149 2649 1227 μεσό-

358 1276 592 1337 κουρον
633 1258 1031 1337 πρόσφατον,
1079 1256 1390 1321 minorem
1434 1262 1592 1320 natu
1639 1275 1830 1338 quam
1851 1255 2140 1319 alteram.
2227 1254 2646 1320 Desideratur

353 1370 570 1430 autem
614 1384 889 1451 persona
933 1364 1215 1430 mulieris
1258 1363 1445 1430 flavis
1491 1384 1634 1429 cum
1680 1363 1934 1448 capillis
1977 1370 2049 1428 ut
2092 1363 2643 1448 Clytaemnestrae

353 1471 423 1536 in
467 1473 617 1537 Eur.
661 1473 759 1537 El.
805 1473 926 1558 (vs.
975 1473 1140 1537 1071
1190 1471 1449 1547 ξανθὸν
1493 1469 1884 1557 πλόκαμον).

540 1579 839 1663 Virgines
886 1576 951 1664 (ἢ
997 1578 1205 1663 κόρη).
1294 1578 1520 1644 Vultus
1565 1598 1876 1664 personae
1901 1586 2039 1644 erat
2058 1579 2358 1646 iuvenilis
2383 1580 2643 1664 (νεαρὸν

356 1687 753 1770 πρόσωπον).

525 1794 594 1878 2)
641 1793 961 1860 Servae.
1051 1792 1253 1860 Serva
1298 1793 1579 1858 maxima
1627 1799 1781 1858 natu
1850 1793 1944 1879 (τὸ
1991 1794 2295 1857 οἰκετικὸν
2335 1792 2639 1881 γρᾴδιον)

359 1900 753 1986 respondens
798 1922 986 1967 servo
1031 1922 1200 1967 max.
1246 1922 1308 1966 n.
1350 1908 1719 1985 tegumento
1764 1903 1995 1987 capitis
2036 1903 2271 1969 amicta
2318 1907 2431 1969 est.

531 2010 728 2075 Serva
792 2010 1000 2075 minor
1059 2017 1214 2074 natu
1260 2007 1356 2096 (τὸ
1408 2010 1713 2072 οἰκετικὸν
1755 2010 2170 2094 μεσόκουρον)
2238 2010 2505 2096 capillos
2548 2030 2643 2077 se·

353 2117 659 2184 mitonsos
704 2118 829 2183 fert
873 2138 990 2184 nec
1032 2137 1294 2203 prorsus
1343 2117 1527 2183 albos
1553 2117 1625 2200 ¹).

523 2226 724 2299 Serva
791 2226 1057 2291 minima
1128 2233 1283 2290 natu
1373 2224 1439 2309 (ἢ
1489 2225 1879 2311 comesam)
1960 2225 2232 2291 eandem
2298 2245 2641 2311 personam

347 2336 484 2403 fere
530 2341 744 2419 gestat
789 2340 858 2399 ut
902 2335 1126 2419 altera,
1173 2332 1288 2399 sed
1332 2333 1773 2399 iuveniliorem
1818 2354 2025 2418 neque
2068 2355 2209 2401 cum
2253 2355 2434 2401 oneo.

743 2506 807 2571 b.
894 2508 1191 2570 Personae
1234 2508 1564 2569 secundum
1607 2507 1892 2570 affectum
1934 2506 2272 2586 dispositae.

528 2652 593 2736 1)
639 2650 995 2733 Aegroti
1041 2656 1121 2715 et
1165 2649 1478 2715 mortui.
1568 2649 1707 2714 Viri
1768 2650 2020 2733 aegroti
2080 2646 2146 2735 (ὅ
2203 2652 2641 2735 ξανθότερος).

342 2760 632 2825 Persona
688 2779 904 2824 eorum
969 2766 1198 2823 ornata
1240 2762 1383 2823 erat
1438 2756 1625 2824 flavis
1685 2757 1935 2841 capillis
2003 2763 2067 2823 et
2131 2758 2374 2844 pallido
2432 2761 2643 2827 colore

344 2868 564 2938 vultus
586 2868 641 2953 ²)
693 2865 1017 2952 (ὕπωχρος
1062 2865 1133 2928 δὲ
1178 2865 1434 2947 μᾶλλον
1479 2870 1586 2928 καὶ
1631 2865 1819 2950 δηλοῖ
1858 2866 2219 2954 νοσοῦντα).

517 2976 800 3043 Juvenes
848 2970 913 3057 (ὃ
964 2969 1333 3057 πάρωχρος)
1402 2990 1678 3056 persona
1724 2991 1866 3036 cum
1910 2971 2114 3055 nigris
2157 2971 2457 3058 crinibus,
2500 2974 2637 3060 pal-

341 3084 475 3151 lido
551 3082 768 3165 vultu,
813 3080 952 3145 sine
1019 3080 1226 3146 barba
1286 3079 1631 3173 utebantur
1687 3079 1920 3166 (ὠχριᾷ
1990 3078 2062 3143 δὲ
2117 3077 2205 3155 ὥς
2248 3079 2487 3166 δηλοῦν
2529 3104 2639 3146 νο-

341 3198 571 3259 σοῦντα
616 3192 656 3273 ἢ
698 3188 990 3270 ἐρῶντα).

509 3298 742 3364 Mortui
797 3292 1091 3384 (εἴδωλα)
1138 3296 1486 3378 gestabant
1528 3295 1766 3360 flavam
1811 3296 2166 3363 caesariem
2202 3297 2483 3382 undique
2530 3299 2635 3365 de-

340 3402 723 3493 pendentem
794 3407 858 3466 et
923 3419 1122 3483 rugas
1189 3407 1254 3465 et
1319 3399 1632 3484 pallidum
1692 3400 1965 3465 colorem
2025 3402 2235 3468 vultus
2280 3403 2640 3489 (φρύγανός

343 3510 468 3572 ἔστι
512 3516 650 3580 ταῖς
684 3508 868 3588 σαρξὶ
901 3508 1005 3566 καὶ
1040 3507 1414 3585 περίκωμος,
1446 3503 1852 3580 ὑπόξανθος,
1895 3505 2175 3590 νοσώδης
2218 3509 2328 3590 τὴν
2366 3508 2641 3597 χροίαν).

515 3615 583 3697 2)
635 3614 908 3679 Rebus
956 3611 1340 3678 adversis
1385 3611 1726 3677 afflicti.
1815 3612 2005 3679 Color
2037 3633 2350 3699 personae
2375 3614 2638 3683 heroum

340 3723 448 3807 qui
519 3720 710 3786 rebus
769 3719 1063 3786 adversis
1128 3717 1354 3783 afflicti
1415 3725 1599 3784 erant
1665 3719 1997 3801 squalidus
2044 3726 2211 3786 erat:
2270 3722 2370 3787 vir
2434 3724 2637 3790 maior

338 3837 495 3897 natu
546 3827 610 3914 (ὃ
639 3826 936 3913 πιναρός)
983 3824 1437 3901 ὗποπέλιδνος,
1485 3827 1790 3910 κατηφής,
1836 3826 2159 3911 δυσπινής,
2208 3831 2426 3919 ξανθῇ
2471 3832 2635 3921 κόμῃ

336 3940 681 4021 innovent,
733 3935 833 4001 vir
893 3935 1101 4000 minor
1147 3940 1301 3999 natu
1349 3929 1411 4019 (ὅ
1459 3933 1742 4016 δεύτερος
1787 3934 2089 4020 πιναρός)
2151 3940 2261 4000 τοῦ
2328 3941 2637 4023 προτέρου

338 4047 707 4130 ἶσχνότερος.

517 4153 587 4239 3)
637 4153 747 4218 Lu
763 4155 1077 4235 gentes.
1162 4149 1391 4215 Pollux
1455 4169 1796 4235 personam
1843 4170 2081 4237 eorum,
2149 4153 2260 4237 qui
2312 4151 2392 4221 de
2435 4159 2638 4220 morte

494 4405 549 4476 1)
589 4406 761 4462 Wies.
798 4408 866 4464 D.
905 4407 957 4462 d.
995 4409 1059 4462 B.
1099 4408 1243 4475 VIII,
1284 4412 1332 4461 2.

490 4494 546 4564 2)
581 4496 647 4550 A.
684 4494 746 4550 Z.
788 4498 926 4551 1878
962 4496 1098 4552 Tab.
1138 4495 1206 4565 V,
1250 4498 1276 4551 1
1317 4494 1412 4564 (ad
1449 4494 1625 4550 dextr.
1663 4501 1849 4569 part.).

2080 4611 2167 4678 3*
