3125 5000
1488 291 1918 355 -23-

563 457 771 544 Sept.
816 481 866 527 c.
909 462 1147 529 Theb.
1207 463 1429 529 habitu
1476 461 1773 546 militari,
1818 462 2145 529 Electra
2203 470 2268 530 et
2310 465 2483 531 chor.
2527 467 2593 532 in
2640 466 2853 533 Choe-

557 568 735 652 phor.
796 571 1079 638 vestibus
1145 571 1348 657 nigris
1406 573 1527 658 (vs.
1579 573 1661 637 10
1715 573 1804 645 τίς
1896 571 2061 635 ποθ’
2124 571 2222 656 ἧδ’
2283 572 2585 659 ὁμήγυρις
2627 578 2851 655 στείχει

557 682 879 751 γυναικῶν
937 677 1212 763 φάρεσιν
1253 679 1663 762 μελαγχίμοις
1701 680 2118 767 πρέπουσα,·).

1449 886 1513 952 b.
1598 885 1964 972 Sophocles.

735 1006 894 1074 Cum
954 1008 1323 1077 dilaceratis
1367 1010 1656 1076 vestibus
1729 1008 1797 1075 in
1857 1029 2159 1076 scaenam
2232 1008 2607 1096 prodierunt
2662 1010 2846 1077 Phi·

568 1114 646 1180 10
664 1121 738 1181 ct
755 1123 828 1182 et
844 1137 880 1182 e
896 1136 927 1183 ε
949 1118 999 1202 1)
1021 1117 1319 1203 (Philoet.
1345 1118 1489 1185 215.
1509 1118 1640 1185 225
1660 1121 1766 1180 καὶ
1785 1119 1871 1202 μή
1894 1120 1957 1198 μ’
1980 1118 2149 1202 ὄκνῳ
2169 1115 2483 1192 δείσαντες
2508 1115 2850 1202 ἓκπλαγῆτ’

563 1220 1074 1311 α’πηγριωμένον)
1123 1227 1630 1313 etTelephus
1674 1229 1742 1293 in
1764 1228 2069 1313 Telepho.
2112 1228 2211 1296 Of.
2233 1228 2479 1295 Nauck.
2521 1228 2628 1294 Fr.
2675 1236 2846 1312 trag.

565 1331 789 1400 Graec.
835 1355 897 1418 p.
935 1336 1083 1415 457,
1126 1335 1202 1400 fr.
1247 1337 1374 1402 698
1419 1338 1611 1416 πτοίχ’
1641 1334 2108 1420 ἀμφιβλήματα
2136 1338 2427 1418 σώματος
2450 1334 2630 1416 λαβῶ
2679 1334 2847 1420 ῥάκη

560 1436 866 1523 ciendam
908 1441 1089 1524 τύχης
1112 1441 1186 1527 ⁹).

737 1550 904 1615 Rex
947 1551 1021 1615 in
1068 1551 1251 1618 Oed.
1302 1552 1352 1617 O
1373 1552 1468 1618 ol.
1511 1551 1805 1619 sordidas
1826 1558 2039 1619 vestes
2069 1552 2214 1619 tulit
2242 1572 2336 1620 vs.
2365 1552 2490 1620 159
2521 1551 2846 1627 δυσπινιτς

501 1692 506 1699 -
559 1654 803 1731 ωολοῖς.
850 1658 978 1724 555
1040 1657 1230 1744 σκευή
1286 1665 1350 1723 τέ
1391 1661 1520 1743 γάρ
1582 1677 1649 1724 σε
1692 1665 1800 1723 καὶ
1858 1662 1926 1725 τὰ
1973 1659 2278 1746 δύστηνον
2321 1662 2495 1746 κάρα
2536 1659 2844 1746 uqi-novor

559 1761 710 1846 ἡμῖν
756 1765 904 1828 ὄνθ’
949 1766 1019 1840 ὃς
1061 1768 1137 1854 εἴ,
1182 1767 1263 1836 cf.
1308 1768 1485 1853 357).

1450 1963 1503 2008 c.
1592 1942 1951 2028 Euripides,

730 2063 869 2130 Etsi
913 2064 1041 2129 iam
1068 2064 1242 2150 apud
1271 2065 1650 2151 Sophoclem
1672 2066 1961 2132 nonnulli
2006 2065 2408 2132 infelices
2450 2065 2838 2132 dilaceratae

568 2177 779 2237 vestes
821 2175 1182 2258 gestabant,
1228 2180 1442 2241 tamen
1499 2175 1808 2261 imprimis
1867 2173 2210 2260 Euripides
2266 2174 2411 2241 illos
2469 2194 2658 2258 quam
2703 2194 2843 2241 sae-

557 2277 818 2363 pissime
861 2282 953 2347 ita
1017 2282 1283 2349 amictos
1342 2282 1728 2369 prodeuntes
1786 2281 1958 2349 fecit.
2044 2283 2187 2362 Qua
2234 2282 2314 2348 de
2359 2301 2557 2349 causa
2599 2282 2836 2348 luditur

557 2387 642 2453 ab
703 2389 1026 2476 Aristoph.
1097 2391 1161 2457 in
1223 2391 1498 2458 Acharn.
1568 2391 1689 2478 (vs,
1734 2391 1863 2457 412
1909 2392 2048 2458 Dic.
2112 2391 2197 2457 ad
2255 2391 2409 2456 Eur.
2453 2389 2616 2474 α’τὰρ
2660 2395 2715 2454 τί
2757 2394 2832 2454 τοὶ

561 2493 734 2582 ῥάκι’
803 2497 871 2561 32
916 2499 1274 2586 τραγῳδίας
1318 2502 1475 2581 ἔχεις
1533 2497 1752 2585 ἐσθῆτ’
1817 2495 2131 2585 ἓλεεινήνς
2197 2498 2314 2564 οὐκ
2377 2496 2512 2575 ἓτός
2558 2502 2838 2582 πτωχοῦς

556 2615 758 2679 ποιεῖς
800 2606 919 2671 κτὲ.
1006 2608 1365 2677 Cf.Jocast.
1409 2610 1475 2675 in
1498 2610 1740 2675 Phoen.
1771 2630 1864 2676 vs.
1890 2611 2036 2676 322.
2081 2609 2307 2676 Electr.
2334 2609 2400 2676 in
2429 2610 2526 2675 El.
2571 2629 2664 2676 vs.
2697 2610 2838 2676 185.

559 2713 788 2783 Menel.
808 2718 876 2782 in
899 2717 1040 2783 Hel.
1060 2719 1179 2803 (vs.
1202 2719 1346 2786 555.
1371 2720 1513 2785 Hel.
1544 2725 1651 2781 καὶ
1676 2720 1804 2803 μῆν
1828 2718 2052 2802 στολήν
2086 2718 2446 2802 γ’ἄμορφον
2467 2716 2638 2802 ἀμφὶ
2682 2714 2837 2799 σῶμ’

556 2824 762 2912 ἔχεις).
806 2864 891 2875 -
932 2811 1258 2912 Lugentes
1281 2829 1483 2914 nigris
1517 2829 1805 2896 vestibus
1828 2827 2035 2894 induti
2059 2835 2256 2894 erant.
2306 2828 2434 2893 Ita:
2477 2827 2726 2895 Admet.
2768 2829 2833 2893 in

555 2934 694 3000 Alc.
739 2941 858 3014 (νε.
885 2937 1012 3001 922
1056 2943 1170 3000 νῦν
1192 2937 1250 3001 δ’
1295 2934 1614 3019 ὑμεναίων
1636 2941 1784 3017 γόος
1810 2935 2157 3010 ἀντίπαλος
2187 2937 2426 2999 λευκῶν
2468 2960 2530 2999 τε
2574 2937 2835 3000 πέπλων

556 3041 826 3121 μέλανες
871 3044 1174 3132 στολμοί),
1220 3046 1430 3131 Tynd.
1473 3047 1541 3111 in
1588 3046 1695 3113 Or.
1739 3051 1859 3131 (vs.
1889 3046 2065 3128 457),
2113 3045 2423 3131 Amphitr.
2466 3046 2533 3112 in
2581 3045 2834 3112 Heracl.

561 3148 681 3235 (vs.
729 3151 905 3237 702),
947 3152 1068 3217 Inf.
1128 3153 1315 3219 Herc.
1376 3154 1442 3218 in
1501 3154 1753 3219 Heracl.
1826 3154 1949 3238 (vs.
1992 3152 2170 3239 442),
2234 3173 2422 3239 porro
2477 3153 2727 3220 Helena
2769 3154 2833 3219 in

561 3258 699 3325 Hel.
745 3259 864 3343 (νε.
901 3262 1086 3345 1186,
1132 3259 1213 3327 cf.
1232 3262 1473 3347 supra),
1520 3263 1761 3330 Jocast.
1816 3263 1883 3328 in
1906 3261 2146 3327 Phoen.
2190 3266 2312 3347 (vs.
2357 3260 2534 3349 322),
2578 3263 2832 3328 Electra

563 3366 633 3432 in
676 3367 777 3433 El.
820 3369 941 3454 (vs.
993 3370 1135 3435 185.
1185 3369 1365 3456 503),
1409 3369 1578 3438 chor.
1623 3372 1689 3436 in
1734 3371 1957 3456 Suppl.
2000 3370 2121 3457 (vs.
2166 3371 2298 3456 97).

731 3474 821 3540 Ut
866 3474 912 3540 ii
980 3475 1086 3559 qui
1144 3496 1508 3543 maerore
1572 3475 1652 3542 de
1719 3484 1919 3543 morte
1964 3475 2235 3542 alicuius
2281 3469 2604 3540 afflicti
2650 3480 2830 3540 erant

560 3583 938 3648 vestimenta
998 3586 1186 3667 nigra
1243 3586 1617 3668 gestabant,
1681 3585 1774 3649 ita
1819 3583 2172 3667 Thanatus‚
2218 3583 2375 3650 deus
2418 3583 2557 3668 ipse
2600 3579 2834 3669 mortis,

562 3694 772 3752 vest-es
815 3687 1001 3770 nigro
1047 3688 1258 3754 colore
1304 3689 1428 3755 sibi
1468 3687 1676 3754 induit
1720 3688 1881 3774 (Alc.
1924 3689 2050 3754 843
2099 3686 2321 3750 ἐλθών
2366 3686 2677 3751 δ’ἄναιιτα
2720 3690 2827 3750 τὸν

556 3794 1020 3876 μελάμπεπλον
1063 3802 1304 3877 νεκρῶν
1350 3796 1653 3861 Θάνατον
1698 3796 2020 3882 φυλάξω).

707 4042 762 4112 1)
798 4043 1033 4098 Xerxem
1070 4044 1127 4098 in
1167 4046 1425 4117 Aeschyli
1446 4046 1634 4101 Persis
1670 4045 1787 4101 eius
1813 4044 2102 4100 modicum
2129 4049 2276 4098 veste
2310 4056 2659 4112 progressum
2697 4058 2829 4111 esse,

561 4150 669 4189 non
719 4151 947 4203 prorsus
1002 4138 1134 4192 mihi
1189 4154 1510 4208 persuasum
1547 4146 1651 4194 est.
1725 4137 1931 4194 Tamen
1972 4137 2065 4206 qui
2099 4135 2206 4191 hoc
2240 4135 2593 4204 censuerunt,
2629 4136 2828 4191 rectius

561 4227 832 4285 iudicasse
869 4231 1002 4285 mihi
1037 4232 1304 4289 videntur.
1379 4233 1587 4290 Causas
1619 4249 1767 4290 meas
1805 4234 1908 4291 hoc
1945 4233 2065 4289 loco
2102 4228 2301 4286 afferre
2336 4246 2444 4285 non
2479 4229 2667 4299 liquet,
2705 4229 2829 4298 quia

556 4337 622 4376 ea
657 4338 717 4376 re
755 4324 913 4379 nimis
950 4325 1018 4379 ab
1057 4341 1120 4381 eo
1159 4326 1301 4395 quod
1337 4328 1470 4382 mihi
1506 4330 1771 4398 proposui
1810 4327 2067 4383 abducar.

702 4415 758 4486 2)
795 4417 840 4471 F
843 4434 1012 4487 ragm.
1051 4421 1171 4473 691.
1211 4422 1333 4474 701.
1415 4421 1552 4476 Poll.
1592 4422 1627 4473 l.
1667 4437 1716 4474 a.
1763 4419 1925 4491 ῥάκια
1982 4419 2039 4472 δὲ
2092 4416 2412 4483 Φιλοκτήτου
2462 4415 2492 4482 ἢ
2543 4415 2692 4482 στολὴ
2740 4416 2828 4469 καὶ

563 4510 815 4579 Τηλέφου.
