3125 5000
551 1411 620 1477 Si
665 1411 807 1495 quis
856 1416 1188 1495 poetarum
1235 1409 1623 1475 Graecorum
1671 1407 1929 1476 fabulas
1988 1411 2173 1497 legit,
2237 1413 2375 1479 sine
2441 1414 2654 1500 dubio,

378 1518 691 1602 quomodo
752 1519 1081 1584 institutae
1141 1524 1332 1600 atque
1406 1522 1593 1581 actae
1658 1517 1812 1590 sint,
1846 1519 1929 1584 ab
1975 1520 2387 1588 histrionibus
2452 1523 2653 1609 ipsae,

377 1647 764 1710 cognoscere
814 1628 1006 1711 cupit.
1113 1625 1256 1704 Qua
1299 1624 1378 1691 de
1450 1645 1648 1691 causa
1711 1626 1841 1691 iam
1898 1628 2116 1711 primis
2174 1649 2255 1694 ex
2299 1618 2650 1698 studiorum

373 1736 577 1801 initiis
634 1734 1034 1817 antiquitatis
1096 1734 1381 1799 homines
1442 1733 1643 1819 docti,
1710 1737 1934 1817 quales
2000 1736 2236 1804 fuerint
2300 1748 2651 1824 apparatus

372 1845 699 1908 scaenicus
766 1849 831 1908 et
876 1850 1134 1908 ornatus
1180 1843 1552 1907 histrionum
1599 1842 1950 1908 secundum
1994 1845 2272 1931 litteras,
2329 1867 2495 1931 quae
2538 1870 2652 1915 no-

372 1951 474 2016 bis
543 1971 622 2017 ex
690 1952 1068 2035 antiquitate
1134 1951 1413 2015 traditae
1476 1958 1655 2033 sunt,
1726 1972 1973 2018 summa
2033 1954 2372 2038 diligentia
2434 1959 2651 2024 conati

375 2065 522 2125 sunt
583 2058 901 2142 indagare
945 2059 1076 2142 (vd.
1120 2060 1384 2126 Excurs.
1434 2059 1513 2142 Ι).
1607 2059 1736 2126 Sed
1782 2062 1836 2126 si
1882 2082 2049 2145 quae
2092 2066 2331 2148 scripta
2375 2073 2524 2131 sunt
2570 2066 2649 2131 de

373 2189 452 2234 ea
518 2190 587 2234 re
647 2188 1130 2253 percensemus,
1196 2169 1629 2250 unusquisque
1695 2170 2036 2254 concedet,
2116 2172 2338 2237 deesse
2413 2177 2648 2241 nostris

373 2277 600 2344 diebus
646 2278 1266 2354 commentationem,
1313 2297 1477 2359 quae
1523 2279 1738 2342 omnia
1783 2286 1897 2342 aut
1939 2286 2078 2343 arte
2122 2289 2234 2344 aut
2274 2281 2503 2347 litteris
2545 2304 2656 2349 no-

369 2386 471 2451 bis
533 2386 614 2451 de
680 2386 903 2450 habitu
964 2385 1259 2450 scaenico
1323 2385 1701 2449 histrionum
1764 2385 2151 2452 Graecorum
2215 2388 2453 2453 tradita
2519 2411 2650 2454 am-

368 2495 680 2581 plectitur.
769 2493 948 2573 Quae
993 2514 1136 2558 cum
1180 2494 1274 2557 ita
1317 2493 1475 2575 sint,
1521 2493 1588 2557 in
1635 2494 1729 2559 eis
1775 2514 1941 2577 quae
1985 2503 2335 2579 sequuntur
2366 2500 2486 2564 etsi
2516 2520 2643 2564 non

358 2593 570 2669 ‘totum
616 2605 904 2668 habitum
948 2602 1340 2685 scaenicum,
1387 2608 1601 2666 tamen
1651 2603 2026 2668 histrionum
2066 2606 2457 2687 tragicorum
2489 2627 2643 2690 qua-

369 2713 449 2778 lis
494 2712 684 2776 fuerit
728 2710 901 2796 apud
946 2711 1230 2777 Graecos
1259 2729 1581 2794 exponere
1625 2711 1778 2774 mihi
1824 2714 2140 2795 proposui.
2227 2715 2322 2778 Ac
2368 2715 2641 2798 primum

372 2822 625 2905 quidem
670 2821 738 2884 in
783 2841 862 2885 ea
906 2839 974 2884 re
1034 2817 1448 2883 diiudicanda
1493 2826 1555 2882 et
1601 2819 1846 2884 litteras
1906 2828 1971 2883 et
2029 2830 2438 2888 monumenta
2490 2827 2648 2891 artis

365 2929 745 3012 recensebO,
809 2927 1179 2992 recensione
1240 2926 1410 2990 facta
1455 2927 1664 3009 qualis
1722 2925 1917 2992 fuerit
1962 2929 2215 2995 habitus
2261 2931 2640 2999 histrionum

364 3039 748 3121 tragicorum
793 3037 1062 3101 diversis
1108 3036 1502 3119 temporibus
1546 3041 1854 3119 quantum
1900 3043 1970 3102 ut
2013 3051 2476 3121 cognoscamus
2503 3042 2639 3108 fieri

363 3154 597 3233 potest,
664 3147 1051 3213 constituere
1097 3145 1377 3221 conabor
1420 3183 1506 3193 —
1551 3145 1833 3211 conabor
1888 3146 2051 3212 dico.
2156 3149 2321 3214 Nam
2379 3171 2638 3234 persua-

361 3276 499 3322 sum
542 3256 788 3340 habeo,
833 3275 935 3320 me
979 3254 1326 3338 permultas
1371 3252 1782 3321 difficultates
1829 3276 1952 3320 non
2000 3257 2243 3323 solutas
2288 3260 2639 3343 reliquisse.

1269 3663 1457 3718 PARS
1494 3663 1736 3720 PRIOR.

923 3785 1457 3870 REOENSIO
1538 3785 2069 3870 FONTIUM.

803 4006 871 4085 I.
1003 4004 1529 4088 Litterarum
1593 4009 2177 4088 monumenta.

1228 4180 1294 4246 1.
1381 4179 1768 4248 LucianuS.

518 4315 791 4399 Saepius
836 4317 1157 4384 Lucianus
1220 4320 1475 4401 scriptis
1529 4323 1664 4386 suis
1709 4323 2016 4388 nonnulla
2061 4323 2141 4389 de
2184 4323 2409 4390 habitu
2454 4345 2629 4391 scae-

349 4421 494 4487 nico
538 4421 808 4490 inseruit
851 4447 977 4491 non
1027 4425 1428 4493 describendi
1475 4428 1731 4512 quidem
1777 4451 2008 4515 causa,
2069 4431 2183 4498 sed
2228 4433 2441 4517 potius
2485 4434 2627 4498 illu-

347 4527 561 4595 dendi.
651 4529 876 4608 Qualis
921 4532 1111 4599 fuerit
1155 4533 1415 4600 habitus
1462 4536 1808 4604 secundum
1851 4560 2025 4624 eum,
2089 4538 2359 4625 primum
2422 4559 2500 4604 ea
2544 4538 2625 4603 de
