3125 5000
1262 329 1691 394 ..37-

508 501 866 568 Differebat
911 501 995 565 ab
1043 498 1165 564 hac
1208 498 1687 582 significatione
1734 502 2040 566 scaenica
2072 521 2222 567 usus
2267 502 2441 567 vocis
2489 523 2625 564 ποι-

326 608 507 672 κίλον
548 610 615 674 in
660 610 798 675 vita
843 607 1192 674 cotidiana.
1283 607 1353 673 Si
1399 607 1520 672 hoc
1569 606 1909 675 discrimen
1932 629 2189 695 semper
2212 609 2622 676 observatum

327 723 513 801 esset,
559 717 900 803 scriptores
946 717 1145 782 nostri
1191 715 1501 800 temporis
1552 716 1760 782 minus
1806 736 2001 802 saepe
2023 717 2107 797 ,in
2154 737 2428 783 errorem
2471 717 2627 783 inci·

328 826 590 893 dissent.
676 827 754 890 In
832 845 951 891 usu
997 825 1167 890 enim
1231 824 1558 890 cotidiano
1640 825 2047 892 indicabatur
2113 846 2272 893 voce
2336 825 2629 889 ποικίλον

325 934 596 1021 pallium
643 933 1065 1020 pulcherrime
1111 940 1425 999 ornatum.
1514 932 1617 1000 Of.
1662 934 1940 1019 Hesych.
1985 934 2308 997 ποικίλον·
2373 932 2628 1014 ἱμάτιον

328 1040 761 1126 ζωγραφητόν.
846 1040 1034 1106 Phot.
1104 1039 1427 1103 ποικίλον·
1493 1041 1560 1103 τὸ
1627 1044 2053 1105 Διονυσιακὸν
2132 1039 2388 1123 ἳμοῖιιον
2429 1039 2626 1116 οὕτως

325 1148 560 1226 ἔλεγον.
647 1148 909 1214 Bekker
970 1147 1212 1214 Aneed.
1273 1170 1335 1233 p.
1382 1149 1531 1232 289,
1579 1151 1669 1216 22
1739 1151 2032 1213 ποικειον
2103 1148 2346 1228 λέγεται
2413 1150 2486 1213 δὲ
2553 1127 2621 1212 ιδ

329 1257 749 1320 Διονυσιακὸν
792 1255 1051 1338 ἱμάτιον
1076 1255 1148 1341 ¹).

506 1365 813 1432 Feminae
858 1364 1202 1451 prodibant
1247 1384 1387 1430 cum
1432 1364 1654 1431 tunica
1698 1365 1893 1430 rubra
1924 1365 2173 1447 (συριὰς
2205 1366 2627 1448 πορφυροῦς).

328 1473 684 1555 Quaeritur,
731 1493 881 1538 num
902 1471 1240 1556 longitudo
1288 1479 1351 1538 et
1399 1473 1603 1539 virilis
1649 1480 1711 1538 et
1758 1473 2084 1540 muliebris
2110 1474 2366 1539 tunicae
2396 1472 2620 1540 eadem

326 1581 535 1649 fuerit.
618 1582 825 1661 Quam
871 1579 957 1645 ad
1001 1600 1135 1646 rem
1183 1579 1665 1647 diiudicandam
1714 1587 2124 1647 monumenta
2167 1587 2415 1647 tantum
2462 1582 2620 1648 artis

325 1690 511 1755 nobis
545 1687 869 1770 exstant2)
915 1707 1079 1770 quae
1127 1707 1244 1752 nos
1292 1688 1559 1771 docent,
1606 1709 1825 1756 omnes
1872 1690 2095 1755 heroes
2140 1693 2202 1753 et
2244 1688 2539 1756 heroides
2564 1688 2617 1774 ²⁹²)

327 1796 584 1864 easdem
631 1794 882 1859 tunicas
928 1794 1183 1873 talares,
1230 1814 1396 1877 quae
1443 1795 1895 1880 dependebant
1940 1815 2141 1880 usque
2186 1795 2271 1860 ad
2317 1780 2616 1862 caudices

330 1904 601 1987 ligneos,
651 1901 1032 1985 gestasse4).
1672 1978 1676 1982 ,

505 2010 812 2075 Feminae
857 2029 996 2073 cum
1043 2009 1369 2095 Euripidis
1416 2010 1809 2094 temporibus
1872 2009 2039 2076 albis
2099 2018 2211 2075 aut
2254 2011 2540 2077 vestibus
2585 2030 2620 2076 e

327 2120 522 2203 bysso
582 2117 771 2183 factis
844 2116 1187 2200 (κροκωτά)
1211 2116 1265 2202 5)
1311 2123 1680 2200 uterentur,
1754 2125 1980 2203 postea
2057 2117 2318 2184 Polluce
2358 2125 2620 2184 auctore

323 2226 601 2293 tunicam
647 2244 1031 2310 purpuream
1077 2223 1201 2290 sibi
1251 2223 1612 2290 induebant
1629 2224 1700 2310 6).

2651 791 2664 839 Ἰ

331 2398 452 2432 ωπα
497 2378 590 2431 καί
638 2378 943 2449 κοθόρνους
997 2378 1091 2430 καί
1124 2379 1267 2431 ταυτί
1302 2376 1364 2430 τοὶ
1400 2382 1619 2432 ποικίλα
1670 2378 1915 2448 σύρματοὶ
1962 2397 2030 2442 τε,
2067 2379 2160 2432 καί
2192 2380 2498 2447 καλύπτραν
2531 2378 2624 2433 καὶ

332 2471 631 2539 κόλπωμα,
680 2468 773 2522 καί
823 2468 1114 2538 παράπηχυ
1165 2467 1256 2521 καί
1318 2467 1555 2540 α’γρηνόν
1593 2469 1715 2539 xri.)
1766 2470 1979 2522 ποικίλα
2018 2476 2072 2524 et
2113 2469 2352 2542 σύρματα
2388 2469 2532 2524 inter
2569 2485 2628 2527 se

327 2557 728 2613 discernuntur.

472 2647 523 2714 1)
560 2646 643 2701 De
689 2654 888 2701 ornatu
935 2646 1200 2702 eiusmodi
1258 2647 1416 2715 pallii
1464 2646 1532 2701 cf.
1590 2648 1732 2701 Plat.
1784 2648 1941 2702 Civit.
1980 2647 2129 2716 VIII,
2167 2648 2271 2702 557
2312 2646 2353 2702 C
2390 2619 2664 2751 ἱμάτιον]

321 2738 568 2792 ποικίλον
601 2736 765 2789 πᾶσιν
804 2734 994 2789 ἄνθεσι
1028 2738 1460 2808 πεποικιλμένον.

468 2829 525 2894 2)
563 2827 732 2881 Wies.
771 2826 888 2880 VH.
926 2826 1073 2879 VIII.
1581 2827 1635 2894 3)
1680 2825 1762 2880 De
1801 2825 1996 2879 tunica
2047 2840 2326 2880 servorum
2363 2825 2432 2880 cs.
2469 2842 2523 2893 p.
2559 2826 2630 2881 42

469 2916 525 2984 4)
563 2914 756 2970 Utrum
806 2916 862 2968 in
914 2915 1133 2982 pictura
1187 2916 1536 2983 Pompeiana
1593 2915 1784 2985 (Wies.
1823 2914 1892 2967 D.
1941 2914 1990 2968 d.
2028 2913 2091 2969 B.
2127 2914 2276 2982 VIII,
2317 2915 2406 2984 12)
2441 2916 2628 2970 tunica

331 3021 402 3061 an
451 3005 681 3073 pallium
742 3005 1026 3071 trahatur,
1085 3005 1378 3058 secundum
1431 3005 1714 3071 imagines,
1751 3019 1887 3072 quas
1937 3002 2190 3071 adspexi,
2238 3002 2482 3058 iudicare
2518 3020 2626 3058 non

322 3095 466 3150 licet.
541 3095 747 3148 Tamen
785 3093 1078 3148 secundum
1100 3109 1181 3163 ea,
1222 3109 1361 3161 quae
1382 3094 1540 3148 nobis
1580 3101 1675 3147 aut
1702 3100 1822 3147 arte
1862 3101 1957 3147 aut
1995 3092 2195 3146 litteris
2232 3091 2440 3146 tradita
2479 3102 2621 3161 sunt,

323 3184 550 3253 pallium
570 3182 720 3237 trahi
742 3182 1090 3237 verisimilius
1110 3183 1242 3236 mihi
1261 3182 1493 3236 videtur.
1514 3209 1582 3221 —-
1605 3181 1713 3235 Vix
1729 3180 2004 3249 expressis
2023 3180 2204 3234 verbis
2222 3180 2465 3234 indicare
2485 3196 2623 3249 opus

323 3279 407 3327 est
443 3273 500 3327 in
534 3273 649 3326 vita
687 3270 965 3326 cotidiana
1002 3270 1228 3340 συρτούς
1258 3272 1497 3342 χιτῶνας
1532 3271 1748 3325 tunicas
1786 3269 1957 3325 fuisse
1981 3310 1995 3337 ,
2035 3284 2174 3337 quae
2210 3284 2381 3337 usque
2417 3268 2488 3323 ad
2523 3269 2620 3324 hu-

323 3376 467 3414 mum
503 3360 682 3426 ipsum
719 3357 1114 3426 dependebant.
1192 3359 1272 3413 Cf.
1317 3360 1487 3414 schol.
1527 3358 1598 3413 ad
1636 3359 1764 3429 Lys.
1802 3360 1871 3411 45
1909 3357 2089 3427 συρτοὶ
2115 3358 2334 3429 χιτῶνες
2370 3359 2424 3410 οἱ
2458 3360 2619 3426 συρό-

321 3468 494 3520 μενοι.
532 3448 691 3502 Phor.
732 3447 1093 3516 ὀρθοστάδια·
1133 3450 1184 3501 οῖ
1214 3448 1387 3503 στατοῖ
1416 3449 1672 3520 χιτῶνες·
1711 3450 1764 3500 02
1798 3446 1903 3517 γὰρ
1943 3448 2231 3518 συρόμενοι
2265 3451 2460 3515 συρτοί.

467 3539 524 3609 5)
561 3537 872 3591 Histriones
910 3539 1102 3592 comici
1140 3540 1188 3592 si
1225 3539 1548 3593 feminarum
1582 3537 1895 3593 iuvenilium
1935 3543 2125 3605 partes
2164 3538 2416 3605 agebant,
2455 3537 2611 3593 albas

323 3626 617 3695 gestabant
654 3631 750 3678 aut
788 3626 1041 3695 byssinas
1080 3634 1257 3681 vestes
1273 3628 1434 3697 (Poll.
1455 3627 1547 3694 IV,
1577 3626 1767 3691 12ἦδὲ
1801 3626 1903 3678 τῶν
1939 3625 2076 3677 νεῶν
2110 3624 2262 3690 λευκὴ
2297 3625 2327 3689 ἢ
2362 3627 2621 3695 βυσσίνη).

319 3715 396 3769 Et
433 3716 561 3782 quia
597 3720 815 3783 βυσσίνη
871 3716 976 3770 hoc
1024 3718 1144 3771 loco
1199 3717 1324 3772 albo
1382 3717 1557 3772 colori
1612 3715 1926 3783 opponitur,
1962 3714 2099 3767 haec
2136 3715 2455 3767 vestimenta
2491 3715 2615 3783 bys-

321 3806 443 3859 sina
478 3820 670 3858 croceo
711 3805 895 3858 colore
949 3804 1120 3860 fuisse
1183 3822 1393 3860 censeo.
1468 3804 1618 3872 (Fuit
1650 3809 1830 3857 autem
1872 3830 1930 3841 -—
1974 3810 2035 3855 ut
2085 3801 2231 3855 inter
2270 3817 2454 3856 omnes
2491 3819 2615 3857 con-

321 3900 433 3948 stat
470 3921 537 3933 —
576 3893 774 3962 byssus
834 3895 999 3948 etiam
1057 3895 1328 3950 interdum
1386 3894 1511 3950 albo
1551 3892 1773 3961 colore).
1850 3889 2078 3946 Accedit
2116 3889 2258 3958 quod
2295 3906 2363 3944 ex
2398 3892 2611 3946 Aristo-

319 3982 518 4051 phanis
557 3980 758 4036 fabulis
789 3982 967 4038 elucet
991 3985 1233 4039 vestibus
1254 3986 1461 4039 croceis
1481 3983 1800 4051 plerumque
1840 3981 2068 4036 feminas
2105 3994 2234 4032 usas
2269 3993 2389 4033 esse
2428 3985 2482 4033 et
2517 3981 2613 4034 im-

318 4071 511 4138 primis
542 4071 827 4139 juveniles.
900 4072 1027 4143 (Qui
1067 4073 1169 4126 viri
1206 4072 1525 4128 feminarum
1562 4073 1809 4127 habitum
1846 4071 2146 4135 imitantur,
2184 4082 2398 4135 semper
2433 4065 2612 4123 vestes

318 4172 511 4212 croceo
548 4159 730 4213 colore
767 4157 1019 4216 induunt:
1074 4161 1291 4215 Mnesil.
1330 4163 1384 4215 in
1423 4162 1639 4216 Thesm.
1679 4158 1746 4212 cf.
1783 4173 1861 4212 vs.
1899 4159 2020 4211 253.
2058 4156 2258 4224 Agath.
2297 4156 2353 4209 in
2390 4156 2605 4211 Thesm.

317 4264 394 4302 vs.
439 4250 559 4301 137.
622 4249 872 4304 Bacchus
926 4249 985 4302 in
1037 4248 1211 4303 Ranis
1248 4266 1326 4304 vs.
1364 4252 1450 4304 45.
1486 4250 1707 4319 Blepyr.
1763 4248 1822 4300 in
1856 4244 1996 4299 Ran.
2034 4260 2112 4299 vs.
2150 4245 2296 4311 331.)
2367 4244 2511 4300 Nam
2546 4252 2609 4301 ut

317 4336 520 4391 femina
556 4337 777 4391 iuvenili
815 4343 998 4392 aetate
1033 4337 1348 4405 haberetur,
1401 4354 1537 4393 anus
1569 4336 1834 4404 quaedam
1872 4334 1929 4386 in
1946 4333 2097 4388 Eccl.
2124 4335 2391 4401 κροκωτὸν
2428 4336 2607 4391 induit

322 4424 416 4493 (cf.
452 4441 528 4479 vs·
567 4426 673 4478 879
711 4424 891 4491 ἕστηκα
928 4424 1020 4477 καί
1051 4424 1318 4494 κροκωτὸν
1355 4424 1737 4497 ἠμφιεσμένη).

456 4514 513 4583 6)
550 4512 865 4582 Purpureas
903 4514 1116 4569 tunicas
1156 4531 1189 4568 a
1226 4513 1440 4571 feminis
1479 4521 1773 4583 usurpatas
1811 4528 1962 4580 esse,
2000 4512 2159 4568 docet
2198 4518 2425 4568 ornatus
2462 4513 2605 4582 signi
