3125 5000
407 556 410 557 γ
460 492 792 556 Postremo
837 490 1309 554 coronabantur
1355 489 1660 570 victores,
1726 493 1794 551 ut
1851 485 2057 552 Orest.
2121 494 2185 551 et
2238 485 2467 572 Pylad.
2514 487 2581 552 in

289 599 440 664 Eur.
484 599 582 664 El.
628 599 749 682 (VS.
800 597 925 661 882
988 595 1169 670 δέξαι
1215 595 1409 681 κόμης
1478 600 1590 677 σῆς
1657 592 2014 674 βοστρύχων
2073 592 2443 677 α’νθήματα.
2492 615 2581 662 vs.

296 709 418 774 886
463 706 537 771 σύ
577 703 624 769 τ’
673 702 725 768 ὦ
769 705 1172 788 παρασπίστ’,
1217 708 1534 789 στέφανον
1578 703 1646 779 ἐξ
1690 702 1844 787 ἐμῆς
1887 702 2069 786 χερὸς
2115 702 2353 788 δέχου).

447 966 561 1046 II.
663 965 789 1046 De
844 966 1147 1046 habitu
1201 986 1314 1045 ex
1364 965 1810 1065 Euripidis
1859 964 2422 1065 temporibus.

465 1125 867 1209 Quamquam
939 1144 1102 1207 quae
1149 1146 1184 1189 e
1229 1124 1466 1190 fabulis
1559 1145 1754 1210 supra
1823 1125 2149 1190 attulimus
2235 1125 2582 1207 imaginem

296 1233 486 1299 totius
533 1232 794 1298 babitus
841 1233 1100 1297 minime
1161 1233 1506 1318 praebent,
1574 1242 1787 1297 tamen
1857 1254 1935 1298 ex
1998 1234 2080 1298 iis
2140 1234 2329 1316 quale
2388 1232 2580 1299 fuerit

293 1339 633 1406 discrimen
691 1341 856 1405 inter
903 1340 1203 1425 Aeschyli
1265 1349 1328 1405 et
1372 1341 1699 1424 Euripidis
1765 1348 2055 1425 tempora
2101 1341 2401 1425 cognosci
2448 1341 2579 1406 iam

289 1457 515 1535 potest.
604 1451 768 1515 Nam
815 1470 958 1514 cum
1002 1449 1111 1514 ille
1157 1470 1271 1534 pro
1317 1449 1589 1532 singulis
1647 1449 1935 1533 partibus
2001 1449 2395 1532 singularem
2439 1444 2579 1534 per-

294 1579 494 1624 sonae
539 1558 818 1643 speciem
881 1559 1174 1623 inveniat
1219 1595 1297 1606 -——
1349 1558 1414 1623 in
1472 1558 1841 1622 memoriam
1887 1578 2114 1622 revoco
2159 1559 2399 1641 Ionem,
2445 1559 2579 1624 Eu-

291 1666 596 1749 menides,
643 1667 978 1751 Achillem,
1021 1667 1377 1732 Minervam
1394 1704 1501 1749 —,
1548 1666 1887 1752 Euripides
1909 1667 2037 1731 iam
2085 1667 2306 1749 generi
2327 1666 2581 1732 cuidam

290 1775 405 1840 toti
454 1774 724 1839 eandem
756 1794 1092 1859 personam
1119 1774 1413 1839 attribuit
1452 1777 1474 1854 (
1475 1773 1845 1859 juvenibuS‚
1864 1774 2143 1858 senibus,
2168 1774 2582 1858 lugentibus),

291 1903 458 1967 quae
504 1884 995 1949 nominabantur
1040 1883 1304 1946 ἕνσκευα
1337 1873 1678 1963 πρόσωπα.
1768 1884 1946 1949 Haec
1977 1882 2209 1948 divisio
2231 1884 2580 1949 'secundum

291 2010 536 2071 sexum,
582 1998 876 2075 aetatem,
922 1990 1227 2074 ordinem,
1272 2009 1498 2073 mores,
1544 1990 1902 2056 affectusin
1928 1990 2065 2056 dies
2090 1991 2297 2074 magis
2322 1992 2580 2058 exculta

289 2105 609 2183 postremo
675 2097 758 2163 ad
838 2119 978 2164 eam
1061 2100 1514 2184 perfectionem
1590 2098 1879 2184 pervenit
1955 2119 2148 2182 quam
2206 2117 2241 2163 e
2299 2099 2581 2166 Pollucis

290 2204 717 2291 descriptione
764 2205 1223 2288 cognoscimus.
1310 2207 1551 2270 Tamen
1591 2211 1845 2290 praeter
1889 2205 2008 2270 has
2041 2213 2224 2271 crant
2265 2226 2580 2290 personae

287 2315 367 2380 iis
413 2315 735 2400 partibus,
798 2333 1064 2397 quarum
1110 2313 1354 2381 formae
1399 2320 1511 2378 aut
1557 2321 1696 2378 arte
1741 2320 1851 2378 aut
1899 2313 2127 2378 litteris
2173 2313 2300 2378 iam
2347 2315 2575 2380 consti-

285 2430 464 2489 tutae
509 2429 720 2487 erant:
767 2442 950 2509 quae,
995 2422 1146 2507 quia
1193 2428 1375 2487 extra
1406 2429 1789 2508 apparatum
1834 2421 2196 2488 scaenicum
2242 2422 2351 2506 qui
2380 2423 2576 2508 vulgo

287 2531 718 2615 usurpabatur
764 2537 965 2615 erant,
1009 2530 1400 2595 vocabantur
1443 2530 1707 2594 ἔκσκευα
1752 2531 2090 2614 πρόσωπα.

1051 2847 1144 2916 A.
1273 2844 1708 2925 Personae
1740 2844 1808 2941 ¹).

959 2993 1018 3063 I.
1109 2989 1467 3063 ’Ένσκευα
1519 2990 1906 3089 πρόσωπα.

371 3157 432 3201 a.
522 3139 818 3202 Personae
863 3141 1191 3201 secundum
1233 3156 1460 3212 sexum,
1504 3142 1784 3211 aetatem,
1829 3137 2099 3198 ordinem
2143 3137 2481 3216 dispositae.

1261 3258 1315 3321 1.
1404 3256 1598 3321 Viri.

472 3379 536 3464 1)
582 3382 913 3448 Heroes.
1004 3381 1237 3448 Senes:
1299 3381 1528 3446 Crines
1598 3400 1819 3445 senum
1879 3385 2063 3445 erant
2125 3380 2275 3445 albo
2339 3382 2572 3448 colore.

289 3487 412 3566 Qui
457 3488 772 3553 maximus
818 3496 972 3553 natu
1019 3496 1160 3554 erat
1207 3485 1269 3573 (ὃ
1330 3489 1612 3573 ξυρὶας),
1657 3488 1922 3554 barbam
1968 3494 2219 3553 tonsam
2284 3490 2430 3554 tulit
2473 3490 2569 3575 (τὸ

291 3594 364 3657 δὲ
409 3597 652 3669 γένειον
697 3597 768 3658 ἐν
800 3599 934 3682 χρῷ
981 3599 1240 3680 κουρίας
1283 3598 1448 3659 ἐστὶν
1506 3594 1538 3657 ὁ
1575 3596 1842 3681 ξυρίας).
1929 3596 2253 3680 Hesychio
2314 3604 2570 3662 auctore

286 3704 580 3769 Priamus
623 3703 739 3769 tali
787 3724 1063 3789 persona
1131 3705 1389 3769 indutus
1435 3704 1501 3768 in
1548 3723 1849 3768 scaenam
1895 3703 2131 3787 prodiit
2172 3705 2571 3787 (πριαμοθή-

285 3829 510 3892 σομαι·
560 3812 627 3874 τὰ
673 3814 969 3891 τραγικὸν
1012 3815 1122 3875 τοῦ
1173 3813 1472 3895 Πριάμου
1536 3809 1885 3892 πρόσωπον
1930 3813 2149 3893 ξυρίας
2191 3810 2404 3895 ἐστίν).
2493 3812 2570 3876 In

281 3941 575 3986 vasorum
624 3919 889 4004 picturis
935 3921 1175 3985 saeculi
1238 3919 1440 4003 quinti
1504 3918 1931 4003 conspicimus
1994 3919 2317 3983 Priamum
2382 3925 2572 3984 tonsa

286 4045 422 4092 cum
469 4027 676 4094 barba
722 4036 786 4094 et
830 4027 1214 4113 caesarie2).
1302 4027 1516 4094 Ceteri
1539 4046 1727 4094 senes
1770 4023 1836 4110 (ὃ
1883 4020 2103 4099 λευκὸς
2148 4023 2342 4112 α’νήρ)
2386 4025 2569 4093 albos

435 4227 486 4296 1)
523 4228 646 4285 Non
699 4236 874 4286 totam
921 4231 1160 4287 Pollucis
1211 4232 1634 4300 descriptionem
1686 4229 1801 4299 (IV,
1842 4230 1943 4283 133
1982 4228 2156 4298 seqq.)
2207 4244 2569 4297 personarum

290 4326 554 4388 repetam,
594 4322 687 4373 sed
724 4323 910 4388 potius
932 4339 1215 4392 exponam,
1255 4323 1521 4391 quomodo
1547 4324 1679 4376 illae
1714 4321 2016 4388 dispositae
2033 4319 2239 4376 suerint
2278 4322 2564 4390 quondam.

425 4413 482 4479 2)
526 4410 834 4481 Overbeck,
884 4415 1287 4485 Kunstmythol.
1328 4416 1447 4481 XX,
1486 4419 1537 4468 3.
1577 4414 1804 4482 Overb.,
1861 4413 2169 4468 Gall.'her.
2214 4414 2406 4471 Bildw.
2440 4415 2563 4471 XX.

278 4501 564 4569 Wieseler,
602 4501 670 4555 D.
708 4500 759 4555 d.
799 4518 848 4557 a.
887 4505 955 4559 K.
993 4506 1035 4573 Ι,
1073 4510 1194 4561 207.

1995 4596 2037 4658 3
