<?xml version="1.0" encoding="UTF-8"?>
<!DOCTYPE html PUBLIC "-//W3C//DTD XHTML 1.0 Transitional//EN"
    "http://www.w3.org/TR/xhtml1/DTD/xhtml1-transitional.dtd">
<html xmlns="http://www.w3.org/1999/xhtml" xml:lang="en" lang="en">
 <head>
  <title>
</title>
<meta http-equiv="Content-Type" content="text/html;charset=utf-8" />
  <meta name='ocr-system' content='tesseract 3.04.00' />
  <meta name='ocr-capabilities' content='ocr_page ocr_carea ocr_par ocr_line ocrx_word'/>
</head>
<body>
  <div class='ocr_page' id='page_1' title='image "./detragicorumhis00diergoog_0048.png"; bbox 0 0 3125 5000; ppageno 0'>
   <div class='ocr_carea' id='block_1_1' title="bbox 1389 1168 1931 1252">
    <p class='ocr_par' dir='ltr' id='par_1_1' title="bbox 1389 1168 1931 1252">
     <span class='ocr_line' id='line_1_1' title="bbox 1389 1168 1931 1252; baseline -0.002 -1"><span class='ocrx_word' id='word_1_1' title='bbox 1389 1171 1808 1252; x_wconf 83' lang='lat' dir='ltr'><strong>Excursus</strong></span> <span class='ocrx_word' id='word_1_2' title='bbox 1868 1168 1931 1251; x_wconf 96' lang='grc' dir='ltr'><strong>Ι.</strong></span> 
     </span>
    </p>
   </div>
   <div class='ocr_carea' id='block_1_2' title="bbox 1131 1330 2168 1417">
    <p class='ocr_par' dir='ltr' id='par_1_2' title="bbox 1131 1330 2168 1417">
     <span class='ocr_line' id='line_1_2' title="bbox 1131 1330 2168 1417; baseline -0.001 -19"><span class='ocrx_word' id='word_1_3' title='bbox 1131 1331 1235 1398; x_wconf 81' lang='lat' dir='ltr'><strong>De</strong></span> <span class='ocrx_word' id='word_1_4' title='bbox 1277 1330 1809 1399; x_wconf 84' lang='lat' dir='ltr'><strong>recentioribus</strong></span> <span class='ocrx_word' id='word_1_5' title='bbox 1851 1330 2168 1417; x_wconf 84' lang='lat' dir='ltr'><strong>scriptis.</strong></span> 
     </span>
    </p>
   </div>
   <div class='ocr_carea' id='block_1_3' title="bbox 513 1449 2802 2820">
    <p class='ocr_par' dir='ltr' id='par_1_3' title="bbox 513 1449 2802 2296">
     <span class='ocr_line' id='line_1_3' title="bbox 689 1449 2799 1539; baseline -0.002 -19"><span class='ocrx_word' id='word_1_6' title='bbox 689 1454 835 1520; x_wconf 87' lang='lat' dir='ltr'><strong>Non</strong></span> <span class='ocrx_word' id='word_1_7' title='bbox 879 1450 1161 1519; x_wconf 88' lang='lat' dir='ltr'><strong>alienum</strong></span> <span class='ocrx_word' id='word_1_8' title='bbox 1207 1473 1347 1519; x_wconf 87' lang='lat' dir='ltr'><strong>esse</strong></span> <span class='ocrx_word' id='word_1_9' title='bbox 1392 1453 1645 1519; x_wconf 86' lang='lat' dir='ltr'><strong>videtur</strong></span> <span class='ocrx_word' id='word_1_10' title='bbox 1688 1454 1910 1539; x_wconf 81' lang='lat' dir='ltr'><strong>paucis</strong></span> <span class='ocrx_word' id='word_1_11' title='bbox 1954 1471 2304 1539; x_wconf 79' lang='lat' dir='ltr'><strong>exponere,</strong></span> <span class='ocrx_word' id='word_1_12' title='bbox 2348 1468 2515 1535; x_wconf 89' lang='lat' dir='ltr'><strong>quae</strong></span> <span class='ocrx_word' id='word_1_13' title='bbox 2558 1451 2644 1515; x_wconf 86' lang='lat' dir='ltr'><strong>ab</strong></span> <span class='ocrx_word' id='word_1_14' title='bbox 2689 1449 2799 1515; x_wconf 89' lang='lat' dir='ltr'><strong>ho·</strong></span> 
     </span>
     <span class='ocr_line' id='line_1_4' title="bbox 514 1558 2802 1647; baseline -0.002 -21"><span class='ocrx_word' id='word_1_15' title='bbox 514 1560 794 1626; x_wconf 84' lang='lat' dir='ltr'>minibus</span> <span class='ocrx_word' id='word_1_16' title='bbox 839 1558 1041 1625; x_wconf 88' lang='lat' dir='ltr'><strong>doctis</strong></span> <span class='ocrx_word' id='word_1_17' title='bbox 1087 1560 1454 1627; x_wconf 80' lang='lat' dir='ltr'><strong>recentioris</strong></span> <span class='ocrx_word' id='word_1_18' title='bbox 1498 1562 1803 1647; x_wconf 89' lang='lat' dir='ltr'><strong>temporis</strong></span> <span class='ocrx_word' id='word_1_19' title='bbox 1845 1561 1928 1627; x_wconf 88' lang='lat' dir='ltr'><strong>dc</strong></span> <span class='ocrx_word' id='word_1_20' title='bbox 1975 1561 2197 1627; x_wconf 87' lang='lat' dir='ltr'><strong>habitu</strong></span> <span class='ocrx_word' id='word_1_21' title='bbox 2218 1560 2515 1626; x_wconf 88' lang='lat' dir='ltr'><strong>scaenico</strong></span> <span class='ocrx_word' id='word_1_22' title='bbox 2562 1560 2802 1642; x_wconf 86' lang='lat' dir='ltr'><strong>scripta</strong></span> 
     </span>
     <span class='ocr_line' id='line_1_5' title="bbox 515 1668 2798 1755; baseline -0.003 -19"><span class='ocrx_word' id='word_1_23' title='bbox 515 1669 662 1736; x_wconf 85' lang='lat' dir='ltr'><strong>sint.</strong></span> <span class='ocrx_word' id='word_1_24' title='bbox 748 1670 895 1736; x_wconf 89' lang='lat' dir='ltr'><strong>Jam</strong></span> <span class='ocrx_word' id='word_1_25' title='bbox 941 1670 998 1736; x_wconf 85' lang='lat' dir='ltr'><strong>J.</strong></span> <span class='ocrx_word' id='word_1_26' title='bbox 1045 1669 1114 1736; x_wconf 83' lang='lat' dir='ltr'><strong>O.</strong></span> <span class='ocrx_word' id='word_1_27' title='bbox 1159 1669 1526 1755; x_wconf 86' lang='lat' dir='ltr'><strong>Scaligerus</strong></span> <span class='ocrx_word' id='word_1_28' title='bbox 1595 1671 1676 1736; x_wconf 95' lang='lat' dir='ltr'><strong>de</strong></span> <span class='ocrx_word' id='word_1_29' title='bbox 1741 1669 2080 1754; x_wconf 83' lang='lat' dir='ltr'><strong>tragoedia</strong></span> <span class='ocrx_word' id='word_1_30' title='bbox 2152 1668 2414 1753; x_wconf 89' lang='lat' dir='ltr'><strong>eiusque</strong></span> <span class='ocrx_word' id='word_1_31' title='bbox 2481 1672 2798 1754; x_wconf 88' lang='lat' dir='ltr'><strong>apparatu</strong></span> 
     </span>
     <span class='ocr_line' id='line_1_6' title="bbox 516 1774 2799 1864; baseline -0.002 -21"><span class='ocrx_word' id='word_1_32' title='bbox 516 1778 687 1843; x_wconf 92' lang='lat' dir='ltr'><strong>omni</strong></span> <span class='ocrx_word' id='word_1_33' title='bbox 760 1785 822 1844; x_wconf 91' lang='lat' dir='ltr'><strong>et</strong></span> <span class='ocrx_word' id='word_1_34' title='bbox 887 1778 1179 1863; x_wconf 89' lang='lat' dir='ltr'><strong>partibus</strong></span> <span class='ocrx_word' id='word_1_35' title='bbox 1251 1780 1848 1844; x_wconf 77' lang='lat' dir='ltr'><strong>commentationem</strong></span> <span class='ocrx_word' id='word_1_36' title='bbox 1914 1778 2168 1864; x_wconf 80' lang='lat' dir='ltr'><strong>scripsit</strong></span> <span class='ocrx_word' id='word_1_37' title='bbox 2232 1776 2540 1863; x_wconf 74' lang='lat' dir='ltr'><strong>(GronoV.</strong></span> <span class='ocrx_word' id='word_1_38' title='bbox 2606 1774 2799 1840; x_wconf 88' lang='lat' dir='ltr'><strong>Thes.</strong></span> 
     </span>
     <span class='ocr_line' id='line_1_7' title="bbox 514 1883 2799 1971; baseline -0.002 -18"><span class='ocrx_word' id='word_1_39' title='bbox 514 1887 656 1953; x_wconf 91' lang='lat' dir='ltr'><strong>Vol.</strong></span> <span class='ocrx_word' id='word_1_40' title='bbox 701 1886 904 1971; x_wconf 90' lang='lat' dir='ltr'>VIII),</span> <span class='ocrx_word' id='word_1_41' title='bbox 949 1886 1184 1953; x_wconf 91' lang='lat' dir='ltr'><strong>deinde</strong></span> <span class='ocrx_word' id='word_1_42' title='bbox 1250 1907 1672 1953; x_wconf 91' lang='lat' dir='ltr'><strong>commemoro</strong></span> <span class='ocrx_word' id='word_1_43' title='bbox 1737 1894 1800 1953; x_wconf 90' lang='lat' dir='ltr'><strong>et</strong></span> <span class='ocrx_word' id='word_1_44' title='bbox 1867 1887 2112 1954; x_wconf 82' lang='lat' dir='ltr'><strong>Gasalii</strong></span> <span class='ocrx_word' id='word_1_45' title='bbox 2171 1886 2671 1951; x_wconf 85' lang='lat' dir='ltr'><strong>lucubrationem</strong></span> <span class='ocrx_word' id='word_1_46' title='bbox 2718 1883 2799 1949; x_wconf 90' lang='lat' dir='ltr'><strong>de</strong></span> 
     </span>
     <span class='ocr_line' id='line_1_8' title="bbox 514 1995 2800 2081; baseline -0.001 -20"><span class='ocrx_word' id='word_1_47' title='bbox 514 1995 853 2080; x_wconf 81' lang='lat' dir='ltr'><strong>tragoedia</strong></span> <span class='ocrx_word' id='word_1_48' title='bbox 899 2003 963 2060; x_wconf 92' lang='lat' dir='ltr'><strong>et</strong></span> <span class='ocrx_word' id='word_1_49' title='bbox 1005 1996 1333 2062; x_wconf 86' lang='lat' dir='ltr'><strong>comoedia</strong></span> <span class='ocrx_word' id='word_1_50' title='bbox 1382 1995 1689 2081; x_wconf 68' lang='lat' dir='ltr'><strong>(Gronov,</strong></span> <span class='ocrx_word' id='word_1_51' title='bbox 1736 1996 1928 2061; x_wconf 88' lang='lat' dir='ltr'><strong>Thes.</strong></span> <span class='ocrx_word' id='word_1_52' title='bbox 1972 1996 2131 2060; x_wconf 92' lang='lat' dir='ltr'>VIII</span> <span class='ocrx_word' id='word_1_53' title='bbox 2174 2016 2234 2080; x_wconf 92' lang='lat' dir='ltr'><strong>p.</strong></span> <span class='ocrx_word' id='word_1_54' title='bbox 2271 1995 2439 2061; x_wconf 83' lang='lat'>1599</span> <span class='ocrx_word' id='word_1_55' title='bbox 2484 1995 2691 2078; x_wconf 89' lang='lat' dir='ltr'><strong>seqq.)</strong></span> <span class='ocrx_word' id='word_1_56' title='bbox 2737 1999 2800 2058; x_wconf 89' lang='lat' dir='ltr'><strong>et</strong></span> 
     </span>
     <span class='ocr_line' id='line_1_9' title="bbox 513 2103 2802 2188; baseline -0.001 -19"><span class='ocrx_word' id='word_1_57' title='bbox 513 2105 800 2171; x_wconf 90' lang='lat' dir='ltr'><strong>libellum</strong></span> <span class='ocrx_word' id='word_1_58' title='bbox 862 2103 943 2170; x_wconf 99' lang='lat' dir='ltr'><strong>de</strong></span> <span class='ocrx_word' id='word_1_59' title='bbox 1009 2104 1375 2171; x_wconf 88' lang='lat' dir='ltr'><strong>fabularum</strong></span> <span class='ocrx_word' id='word_1_60' title='bbox 1441 2104 1775 2188; x_wconf 90' lang='lat' dir='ltr'><strong>ludorum,</strong></span> <span class='ocrx_word' id='word_1_61' title='bbox 1836 2105 2262 2188; x_wconf 87' lang='lat' dir='ltr'><strong>theatrorum,</strong></span> <span class='ocrx_word' id='word_1_62' title='bbox 2328 2123 2661 2169; x_wconf 89' lang='lat' dir='ltr'><strong>scenarum</strong></span> <span class='ocrx_word' id='word_1_63' title='bbox 2720 2121 2802 2167; x_wconf 88' lang='lat' dir='ltr'><strong>ac</strong></span> 
     </span>
     <span class='ocr_line' id='line_1_10' title="bbox 516 2210 2801 2296; baseline -0.001 -17"><span class='ocrx_word' id='word_1_64' title='bbox 516 2213 910 2279; x_wconf 90' lang='lat' dir='ltr'><strong>scenicorum</strong></span> <span class='ocrx_word' id='word_1_65' title='bbox 956 2214 1221 2296; x_wconf 88' lang='lat' dir='ltr'><strong>antiqua</strong></span> <span class='ocrx_word' id='word_1_66' title='bbox 1267 2212 1730 2279; x_wconf 87' lang='lat' dir='ltr'><strong>consuetudine</strong></span> <span class='ocrx_word' id='word_1_67' title='bbox 1776 2212 2002 2295; x_wconf 82' lang='lat' dir='ltr'><strong>(Gron.</strong></span> <span class='ocrx_word' id='word_1_68' title='bbox 2049 2211 2241 2278; x_wconf 87' lang='lat' dir='ltr'><strong>Thes.</strong></span> <span class='ocrx_word' id='word_1_69' title='bbox 2287 2210 2441 2276; x_wconf 94' lang='lat' dir='ltr'>VIII</span> <span class='ocrx_word' id='word_1_70' title='bbox 2486 2233 2545 2296; x_wconf 90' lang='lat' dir='ltr'><strong>p.</strong></span> <span class='ocrx_word' id='word_1_71' title='bbox 2585 2212 2801 2293; x_wconf 84' lang='lat'><strong>1710).</strong></span> 
     </span>
    </p>

    <p class='ocr_par' dir='ltr' id='par_1_4' title="bbox 513 2318 2799 2820">
     <span class='ocr_line' id='line_1_11' title="bbox 687 2318 2799 2405; baseline 0 -19"><span class='ocrx_word' id='word_1_72' title='bbox 687 2319 937 2386; x_wconf 85' lang='lat' dir='ltr'><strong>Nostris</strong></span> <span class='ocrx_word' id='word_1_73' title='bbox 981 2320 1374 2405; x_wconf 89' lang='lat' dir='ltr'><strong>temporibus</strong></span> <span class='ocrx_word' id='word_1_74' title='bbox 1418 2320 1674 2403; x_wconf 88' lang='lat' dir='ltr'><strong>quidem</strong></span> <span class='ocrx_word' id='word_1_75' title='bbox 1700 2320 1939 2404; x_wconf 88' lang='lat' dir='ltr'><strong>scripta</strong></span> <span class='ocrx_word' id='word_1_76' title='bbox 1963 2341 2089 2384; x_wconf 91' lang='lat' dir='ltr'><strong>non</strong></span> <span class='ocrx_word' id='word_1_77' title='bbox 2125 2318 2267 2404; x_wconf 87' lang='lat' dir='ltr'><strong>jam</strong></span> <span class='ocrx_word' id='word_1_78' title='bbox 2310 2319 2545 2385; x_wconf 83' lang='lat' dir='ltr'><strong>valent.</strong></span> <span class='ocrx_word' id='word_1_79' title='bbox 2634 2319 2799 2386; x_wconf 85' lang='lat' dir='ltr'><strong>Nam</strong></span> 
     </span>
     <span class='ocr_line' id='line_1_12' title="bbox 517 2427 2794 2515; baseline -0.001 -21"><span class='ocrx_word' id='word_1_80' title='bbox 517 2449 658 2494; x_wconf 89' lang='lat' dir='ltr'><strong>cum</strong></span> <span class='ocrx_word' id='word_1_81' title='bbox 703 2428 996 2515; x_wconf 83' lang='lat' dir='ltr'><strong>Scaliger</strong></span> <span class='ocrx_word' id='word_1_82' title='bbox 1039 2428 1317 2495; x_wconf 87' lang='lat' dir='ltr'><strong>Pollucis</strong></span> <span class='ocrx_word' id='word_1_83' title='bbox 1364 2428 1855 2515; x_wconf 89' lang='lat' dir='ltr'><strong>descriptionem</strong></span> <span class='ocrx_word' id='word_1_84' title='bbox 1915 2428 2386 2514; x_wconf 77' lang='grc' dir='ltr'><strong>(Ονομαστικόν</strong></span> <span class='ocrx_word' id='word_1_85' title='bbox 2429 2428 2538 2512; x_wconf 89' lang='lat' dir='ltr'><strong>IV,</strong></span> <span class='ocrx_word' id='word_1_86' title='bbox 2587 2427 2794 2492; x_wconf 86' lang='lat'>115-</span> 
     </span>
     <span class='ocr_line' id='line_1_13' title="bbox 521 2535 2797 2621; baseline -0.001 -19"><span class='ocrx_word' id='word_1_87' title='bbox 521 2537 673 2621; x_wconf 82' lang='lat'>155)</span> <span class='ocrx_word' id='word_1_88' title='bbox 717 2538 784 2602; x_wconf 93' lang='lat' dir='ltr'><strong>in</strong></span> <span class='ocrx_word' id='word_1_89' title='bbox 832 2537 1118 2621; x_wconf 85' lang='lat' dir='ltr'><strong>linguam</strong></span> <span class='ocrx_word' id='word_1_90' title='bbox 1162 2537 1430 2602; x_wconf 89' lang='lat' dir='ltr'><strong>latinam</strong></span> <span class='ocrx_word' id='word_1_91' title='bbox 1479 2536 1616 2602; x_wconf 87' lang='lat' dir='ltr'><strong>fere</strong></span> <span class='ocrx_word' id='word_1_92' title='bbox 1661 2543 1886 2621; x_wconf 86' lang='lat' dir='ltr'><strong>vertat,</strong></span> <span class='ocrx_word' id='word_1_93' title='bbox 1929 2535 2125 2601; x_wconf 87' lang='lat' dir='ltr'><strong>ceteri</strong></span> <span class='ocrx_word' id='word_1_94' title='bbox 2176 2535 2484 2601; x_wconf 86' lang='lat' dir='ltr'><strong>nonnulla</strong></span> <span class='ocrx_word' id='word_1_95' title='bbox 2528 2540 2797 2615; x_wconf 86' lang='lat' dir='ltr'><strong>tantum,</strong></span> 
     </span>
     <span class='ocr_line' id='line_1_14' title="bbox 515 2644 2797 2730; baseline -0.001 -19"><span class='ocrx_word' id='word_1_96' title='bbox 515 2664 683 2728; x_wconf 88' lang='lat' dir='ltr'><strong>quac</strong></span> <span class='ocrx_word' id='word_1_97' title='bbox 747 2645 1001 2730; x_wconf 89' lang='lat' dir='ltr'><strong>scriptis</strong></span> <span class='ocrx_word' id='word_1_98' title='bbox 1047 2646 1474 2711; x_wconf 86' lang='lat' dir='ltr'><strong>Romanorum</strong></span> <span class='ocrx_word' id='word_1_99' title='bbox 1540 2645 1782 2711; x_wconf 86' lang='lat' dir='ltr'><strong>inserta</strong></span> <span class='ocrx_word' id='word_1_100' title='bbox 1843 2651 2026 2729; x_wconf 89' lang='lat' dir='ltr'><strong>sunt,</strong></span> <span class='ocrx_word' id='word_1_101' title='bbox 2087 2644 2366 2710; x_wconf 86' lang='lat' dir='ltr'><strong>afferunt</strong></span> <span class='ocrx_word' id='word_1_102' title='bbox 2432 2644 2512 2709; x_wconf 87' lang='lat' dir='ltr'><strong>de</strong></span> <span class='ocrx_word' id='word_1_103' title='bbox 2571 2644 2797 2710; x_wconf 87' lang='lat' dir='ltr'><strong>habitu</strong></span> 
     </span>
     <span class='ocr_line' id='line_1_15' title="bbox 513 2773 829 2820; baseline -0.009 0"><span class='ocrx_word' id='word_1_104' title='bbox 513 2773 829 2820; x_wconf 76' lang='lat' dir='ltr'><strong>scaenico.</strong></span> 
     </span>
    </p>
   </div>
   <div class='ocr_carea' id='block_1_4' title="bbox 519 2858 2799 3050">
    <p class='ocr_par' dir='ltr' id='par_1_5' title="bbox 519 2858 2799 3050">
     <span class='ocr_line' id='line_1_16' title="bbox 691 2858 2799 2945; baseline -0.003 -17"><span class='ocrx_word' id='word_1_105' title='bbox 691 2862 827 2928; x_wconf 87' lang='lat' dir='ltr'><strong>Nec</strong></span> <span class='ocrx_word' id='word_1_106' title='bbox 871 2862 1068 2927; x_wconf 91' lang='lat' dir='ltr'><strong>multo</strong></span> <span class='ocrx_word' id='word_1_107' title='bbox 1143 2861 1351 2945; x_wconf 89' lang='lat' dir='ltr'><strong>magis</strong></span> <span class='ocrx_word' id='word_1_108' title='bbox 1418 2867 1516 2927; x_wconf 89' lang='lat' dir='ltr'><strong>est</strong></span> <span class='ocrx_word' id='word_1_109' title='bbox 1584 2860 1987 2928; x_wconf 90' lang='lat' dir='ltr'><strong>tribuendum</strong></span> <span class='ocrx_word' id='word_1_110' title='bbox 2034 2859 2673 2926; x_wconf 85' lang='lat' dir='ltr'><strong>commentationibus</strong></span> <span class='ocrx_word' id='word_1_111' title='bbox 2719 2858 2799 2923; x_wconf 93' lang='lat' dir='ltr'><strong>de</strong></span> 
     </span>
     <span class='ocr_line' id='line_1_17' title="bbox 519 2963 2797 3050; baseline -0.001 -20"><span class='ocrx_word' id='word_1_112' title='bbox 519 2971 802 3031; x_wconf 89' lang='lat' dir='ltr'><strong>veterum</strong></span> <span class='ocrx_word' id='word_1_113' title='bbox 849 2966 1158 3050; x_wconf 89' lang='lat' dir='ltr'><strong>personis,</strong></span> <span class='ocrx_word' id='word_1_114' title='bbox 1202 2966 1354 3049; x_wconf 91' lang='lat' dir='ltr'><strong>quia</strong></span> <span class='ocrx_word' id='word_1_115' title='bbox 1398 2966 1726 3031; x_wconf 89' lang='lat' dir='ltr'><strong>minimam</strong></span> <span class='ocrx_word' id='word_1_116' title='bbox 1776 2967 1859 3032; x_wconf 89' lang='lat' dir='ltr'><strong>ad</strong></span> <span class='ocrx_word' id='word_1_117' title='bbox 1903 2972 2148 3050; x_wconf 86' lang='lat' dir='ltr'><strong>partem</strong></span> <span class='ocrx_word' id='word_1_118' title='bbox 2198 2965 2281 3030; x_wconf 88' lang='lat' dir='ltr'><strong>ad</strong></span> <span class='ocrx_word' id='word_1_119' title='bbox 2326 2985 2509 3030; x_wconf 89' lang='lat' dir='ltr'><strong>usum</strong></span> <span class='ocrx_word' id='word_1_120' title='bbox 2555 2963 2797 3030; x_wconf 88' lang='lat' dir='ltr'><strong>scaeni-</strong></span> 
     </span>
    </p>
   </div>
   <div class='ocr_carea' id='block_1_5' title="bbox 515 3072 2804 4565">
    <p class='ocr_par' dir='ltr' id='par_1_6' title="bbox 516 3072 2804 3589">
     <span class='ocr_line' id='line_1_18' title="bbox 518 3072 2804 3159; baseline -0.001 -20"><span class='ocrx_word' id='word_1_121' title='bbox 518 3094 658 3140; x_wconf 88' lang='lat' dir='ltr'><strong>cam</strong></span> <span class='ocrx_word' id='word_1_122' title='bbox 704 3075 877 3159; x_wconf 88' lang='lat' dir='ltr'><strong>apud</strong></span> <span class='ocrx_word' id='word_1_123' title='bbox 925 3073 1206 3139; x_wconf 86' lang='lat' dir='ltr'><strong>Graecos</strong></span> <span class='ocrx_word' id='word_1_124' title='bbox 1249 3075 1614 3159; x_wconf 87' lang='lat' dir='ltr'><strong>respiciunt.</strong></span> <span class='ocrx_word' id='word_1_125' title='bbox 1702 3074 2106 3139; x_wconf 88' lang='lat' dir='ltr'><strong>Enumerabo</strong></span> <span class='ocrx_word' id='word_1_126' title='bbox 2152 3093 2317 3157; x_wconf 90' lang='lat' dir='ltr'><strong>quae</strong></span> <span class='ocrx_word' id='word_1_127' title='bbox 2359 3072 2593 3158; x_wconf 87' lang='lat' dir='ltr'><strong>scripta</strong></span> <span class='ocrx_word' id='word_1_128' title='bbox 2634 3072 2804 3137; x_wconf 87' lang='lat' dir='ltr'><strong>inter</strong></span> 
     </span>
     <span class='ocr_line' id='line_1_19' title="bbox 519 3180 2801 3266; baseline -0 -20"><span class='ocrx_word' id='word_1_129' title='bbox 519 3180 680 3248; x_wconf 88' lang='lat' dir='ltr'><strong>haec</strong></span> <span class='ocrx_word' id='word_1_130' title='bbox 747 3188 896 3247; x_wconf 86' lang='lat' dir='ltr'><strong>sunt</strong></span> <span class='ocrx_word' id='word_1_131' title='bbox 961 3181 1378 3264; x_wconf 85' lang='lat' dir='ltr'><strong>gravissima:</strong></span> <span class='ocrx_word' id='word_1_132' title='bbox 1460 3182 1752 3265; x_wconf 88' lang='lat' dir='ltr'><strong>Agesilai</strong></span> <span class='ocrx_word' id='word_1_133' title='bbox 1822 3182 2178 3250; x_wconf 87' lang='lat' dir='ltr'><strong>Mariscotti</strong></span> <span class='ocrx_word' id='word_1_134' title='bbox 2244 3181 2325 3247; x_wconf 90' lang='lat' dir='ltr'><strong>de</strong></span> <span class='ocrx_word' id='word_1_135' title='bbox 2391 3180 2683 3266; x_wconf 85' lang='lat' dir='ltr'><strong>personis</strong></span> <span class='ocrx_word' id='word_1_136' title='bbox 2733 3186 2801 3246; x_wconf 89' lang='lat' dir='ltr'><strong>et</strong></span> 
     </span>
     <span class='ocr_line' id='line_1_20' title="bbox 518 3287 2799 3374; baseline 0.001 -22"><span class='ocrx_word' id='word_1_137' title='bbox 518 3288 716 3354; x_wconf 90' lang='lat' dir='ltr'><strong>larvis</strong></span> <span class='ocrx_word' id='word_1_138' title='bbox 763 3308 1105 3372; x_wconf 87' lang='lat' dir='ltr'><strong>eorumque</strong></span> <span class='ocrx_word' id='word_1_139' title='bbox 1171 3287 1344 3374; x_wconf 91' lang='lat' dir='ltr'><strong>apud</strong></span> <span class='ocrx_word' id='word_1_140' title='bbox 1404 3297 1652 3357; x_wconf 86' lang='lat' dir='ltr'><strong>veteres</strong></span> <span class='ocrx_word' id='word_1_141' title='bbox 1711 3311 1826 3356; x_wconf 90' lang='lat' dir='ltr'><strong>usu</strong></span> <span class='ocrx_word' id='word_1_142' title='bbox 1897 3298 1960 3356; x_wconf 86' lang='lat' dir='ltr'><strong>et</strong></span> <span class='ocrx_word' id='word_1_143' title='bbox 2005 3291 2253 3373; x_wconf 87' lang='lat' dir='ltr'><strong>origine</strong></span> <span class='ocrx_word' id='word_1_144' title='bbox 2298 3288 2799 3374; x_wconf 86' lang='lat' dir='ltr'><strong>syntagmation.</strong></span> 
     </span>
     <span class='ocr_line' id='line_1_21' title="bbox 518 3397 2803 3484; baseline 0.001 -22"><span class='ocrx_word' id='word_1_145' title='bbox 518 3397 849 3463; x_wconf 89' lang='lat' dir='ltr'><strong>Bononiae</strong></span> <span class='ocrx_word' id='word_1_146' title='bbox 897 3397 1085 3462; x_wconf 87' lang='grc'><strong>1607.</strong></span> <span class='ocrx_word' id='word_1_147' title='bbox 1169 3398 1412 3465; x_wconf 88' lang='lat' dir='ltr'><strong>Romae</strong></span> <span class='ocrx_word' id='word_1_148' title='bbox 1463 3399 1649 3465; x_wconf 84' lang='lat'><strong>1639.</strong></span> <span class='ocrx_word' id='word_1_149' title='bbox 1750 3399 2026 3465; x_wconf 86' lang='lat' dir='ltr'><strong>Parmae</strong></span> <span class='ocrx_word' id='word_1_150' title='bbox 2074 3400 2236 3466; x_wconf 88' lang='lat'>1691</span> <span class='ocrx_word' id='word_1_151' title='bbox 2304 3398 2566 3484; x_wconf 82' lang='lat' dir='ltr'><strong>(Graev.</strong></span> <span class='ocrx_word' id='word_1_152' title='bbox 2609 3397 2803 3465; x_wconf 86' lang='lat' dir='ltr'><strong>Thes.</strong></span> 
     </span>
     <span class='ocr_line' id='line_1_22' title="bbox 516 3504 1258 3589; baseline 0.005 -21"><span class='ocrx_word' id='word_1_153' title='bbox 516 3504 630 3588; x_wconf 91' lang='lat' dir='ltr'><strong>IX,</strong></span> <span class='ocrx_word' id='word_1_154' title='bbox 675 3527 738 3589; x_wconf 89' lang='lat' dir='ltr'><strong>p.</strong></span> <span class='ocrx_word' id='word_1_155' title='bbox 780 3506 1258 3589; x_wconf 78' lang='lat'><strong>1096-1144).</strong></span> 
     </span>
    </p>

    <p class='ocr_par' dir='ltr' id='par_1_7' title="bbox 518 3612 2801 4026">
     <span class='ocr_line' id='line_1_23' title="bbox 693 3612 2797 3699; baseline 0 -21"><span class='ocrx_word' id='word_1_156' title='bbox 693 3613 1041 3679; x_wconf 91' lang='lat' dir='ltr'><strong>Pacichelli</strong></span> <span class='ocrx_word' id='word_1_157' title='bbox 1083 3615 1502 3680; x_wconf 86' lang='lat' dir='ltr'><strong>Schediasma</strong></span> <span class='ocrx_word' id='word_1_158' title='bbox 1545 3614 2335 3697; x_wconf 89' lang='lat' dir='ltr'><strong>luridico-Philologicum</strong></span> <span class='ocrx_word' id='word_1_159' title='bbox 2381 3612 2797 3699; x_wconf 85' lang='lat' dir='ltr'><strong>Tripartitum</strong></span> 
     </span>
     <span class='ocr_line' id='line_1_24' title="bbox 519 3720 2800 3807; baseline 0.002 -22"><span class='ocrx_word' id='word_1_160' title='bbox 519 3720 601 3786; x_wconf 91' lang='lat' dir='ltr'><strong>de</strong></span> <span class='ocrx_word' id='word_1_161' title='bbox 673 3722 1157 3807; x_wconf 85' lang='lat' dir='ltr'><strong>Capillamentis</strong></span> <span class='ocrx_word' id='word_1_162' title='bbox 1233 3723 1428 3807; x_wconf 90' lang='lat' dir='ltr'><strong>vulgo</strong></span> <span class='ocrx_word' id='word_1_163' title='bbox 1509 3724 1910 3807; x_wconf 88' lang='lat' dir='ltr'><strong>Perruquen,</strong></span> <span class='ocrx_word' id='word_1_164' title='bbox 1980 3730 2044 3788; x_wconf 93' lang='lat' dir='ltr'><strong>et</strong></span> <span class='ocrx_word' id='word_1_165' title='bbox 2104 3722 2535 3805; x_wconf 73' lang='lat' dir='ltr'><strong>chirothecis,</strong></span> <span class='ocrx_word' id='word_1_166' title='bbox 2602 3722 2800 3806; x_wconf 86' lang='lat' dir='ltr'><strong>vulgo</strong></span> 
     </span>
     <span class='ocr_line' id='line_1_25' title="bbox 520 3828 2801 3916; baseline 0 -20"><span class='ocrx_word' id='word_1_167' title='bbox 520 3828 794 3896; x_wconf 78' lang='lat' dir='ltr'><strong>Guantis</strong></span> <span class='ocrx_word' id='word_1_168' title='bbox 839 3838 904 3895; x_wconf 85' lang='lat' dir='ltr'><strong>et</strong></span> <span class='ocrx_word' id='word_1_169' title='bbox 945 3831 1291 3895; x_wconf 87' lang='lat' dir='ltr'><strong>vernacula</strong></span> <span class='ocrx_word' id='word_1_170' title='bbox 1335 3831 1561 3914; x_wconf 88' lang='lat' dir='ltr'><strong>lingua</strong></span> <span class='ocrx_word' id='word_1_171' title='bbox 1608 3832 2038 3898; x_wconf 87' lang='lat' dir='ltr'><strong>Handschuen</strong></span> <span class='ocrx_word' id='word_1_172' title='bbox 2086 3838 2151 3897; x_wconf 89' lang='lat' dir='ltr'><strong>et</strong></span> <span class='ocrx_word' id='word_1_173' title='bbox 2193 3830 2507 3916; x_wconf 89' lang='lat' dir='ltr'><strong>principio</strong></span> <span class='ocrx_word' id='word_1_174' title='bbox 2552 3831 2634 3897; x_wconf 91' lang='lat' dir='ltr'><strong>de</strong></span> <span class='ocrx_word' id='word_1_175' title='bbox 2679 3833 2801 3896; x_wconf 88' lang='lat' dir='ltr'><strong>lar·</strong></span> 
     </span>
     <span class='ocr_line' id='line_1_26' title="bbox 518 3936 2218 4026; baseline 0 -23"><span class='ocrx_word' id='word_1_176' title='bbox 518 3936 618 4003; x_wconf 83' lang='lat' dir='ltr'><strong>vis</strong></span> <span class='ocrx_word' id='word_1_177' title='bbox 662 3958 772 4002; x_wconf 89' lang='lat' dir='ltr'><strong>seu</strong></span> <span class='ocrx_word' id='word_1_178' title='bbox 821 3958 979 4022; x_wconf 87' lang='lat' dir='ltr'><strong>quas</strong></span> <span class='ocrx_word' id='word_1_179' title='bbox 1024 3945 1256 4004; x_wconf 87' lang='lat' dir='ltr'><strong>vocant</strong></span> <span class='ocrx_word' id='word_1_180' title='bbox 1298 3938 1665 4006; x_wconf 75' lang='lat' dir='ltr'><strong>maecheris.</strong></span> <span class='ocrx_word' id='word_1_181' title='bbox 1749 3940 1983 4026; x_wconf 88' lang='lat' dir='ltr'><strong>Napoli</strong></span> <span class='ocrx_word' id='word_1_182' title='bbox 2030 3940 2218 4006; x_wconf 84' lang='lat'><strong>1693.</strong></span> 
     </span>
    </p>

    <p class='ocr_par' dir='ltr' id='par_1_8' title="bbox 525 4046 2803 4242">
     <span class='ocr_line' id='line_1_27' title="bbox 695 4046 2800 4134; baseline 0 -22"><span class='ocrx_word' id='word_1_183' title='bbox 695 4046 955 4112; x_wconf 87' lang='lat' dir='ltr'><strong>Nicolas</strong></span> <span class='ocrx_word' id='word_1_184' title='bbox 1001 4046 1312 4131; x_wconf 90' lang='lat' dir='ltr'><strong>Boindin,</strong></span> <span class='ocrx_word' id='word_1_185' title='bbox 1355 4046 1452 4116; x_wconf 87' lang='lat' dir='ltr'><strong>les</strong></span> <span class='ocrx_word' id='word_1_186' title='bbox 1517 4068 1813 4134; x_wconf 87' lang='lat' dir='ltr'><strong>masqucs</strong></span> <span class='ocrx_word' id='word_1_187' title='bbox 1856 4055 1919 4114; x_wconf 92' lang='lat' dir='ltr'><strong>et</strong></span> <span class='ocrx_word' id='word_1_188' title='bbox 1978 4049 2074 4113; x_wconf 89' lang='lat' dir='ltr'><strong>les</strong></span> <span class='ocrx_word' id='word_1_189' title='bbox 2115 4048 2331 4114; x_wconf 87' lang='lat' dir='ltr'><strong>habits</strong></span> <span class='ocrx_word' id='word_1_190' title='bbox 2378 4049 2492 4116; x_wconf 88' lang='lat' dir='ltr'><strong>des</strong></span> <span class='ocrx_word' id='word_1_191' title='bbox 2536 4047 2800 4113; x_wconf 88' lang='lat' dir='ltr'><strong>anciens</strong></span> 
     </span>
     <span class='ocr_line' id='line_1_28' title="bbox 525 4153 2803 4242; baseline 0 -23"><span class='ocrx_word' id='word_1_192' title='bbox 525 4154 834 4240; x_wconf 88' lang='lat' dir='ltr'><strong>(Memoir.</strong></span> <span class='ocrx_word' id='word_1_193' title='bbox 860 4153 940 4220; x_wconf 89' lang='lat' dir='ltr'><strong>de</strong></span> <span class='ocrx_word' id='word_1_194' title='bbox 965 4153 1336 4221; x_wconf 80' lang='lat' dir='ltr'><strong>l&#39;academie</strong></span> <span class='ocrx_word' id='word_1_195' title='bbox 1364 4155 1478 4221; x_wconf 92' lang='lat' dir='ltr'><strong>des</strong></span> <span class='ocrx_word' id='word_1_196' title='bbox 1500 4156 1926 4240; x_wconf 88' lang='lat' dir='ltr'><strong>inscriptions.</strong></span> <span class='ocrx_word' id='word_1_197' title='bbox 2012 4156 2193 4220; x_wconf 87' lang='lat' dir='ltr'><strong>Tom.</strong></span> <span class='ocrx_word' id='word_1_198' title='bbox 2221 4155 2329 4237; x_wconf 92' lang='lat' dir='ltr'><strong>IV,</strong></span> <span class='ocrx_word' id='word_1_199' title='bbox 2362 4176 2422 4239; x_wconf 91' lang='lat' dir='ltr'><strong>p.</strong></span> <span class='ocrx_word' id='word_1_200' title='bbox 2451 4156 2575 4221; x_wconf 82' lang='lat'><strong>132</strong></span> <span class='ocrx_word' id='word_1_201' title='bbox 2598 4153 2803 4242; x_wconf 87' lang='lat' dir='ltr'><strong>seqq.)</strong></span> 
     </span>
    </p>

    <p class='ocr_par' dir='ltr' id='par_1_9' title="bbox 515 4262 2803 4565">
     <span class='ocr_line' id='line_1_29' title="bbox 694 4262 2803 4347; baseline 0.001 -20"><span class='ocrx_word' id='word_1_202' title='bbox 694 4262 843 4327; x_wconf 83' lang='lat' dir='ltr'><strong>Chr.</strong></span> <span class='ocrx_word' id='word_1_203' title='bbox 890 4264 1149 4346; x_wconf 88' lang='lat' dir='ltr'><strong>Bergeri</strong></span> <span class='ocrx_word' id='word_1_204' title='bbox 1215 4285 1433 4330; x_wconf 87' lang='lat' dir='ltr'><strong>comm.</strong></span> <span class='ocrx_word' id='word_1_205' title='bbox 1492 4264 1573 4328; x_wconf 91' lang='lat' dir='ltr'><strong>de</strong></span> <span class='ocrx_word' id='word_1_206' title='bbox 1639 4264 1930 4347; x_wconf 86' lang='lat' dir='ltr'><strong>personis</strong></span> <span class='ocrx_word' id='word_1_207' title='bbox 1988 4265 2183 4346; x_wconf 88' lang='lat' dir='ltr'><strong>vulgo</strong></span> <span class='ocrx_word' id='word_1_208' title='bbox 2254 4263 2451 4329; x_wconf 88' lang='lat' dir='ltr'><strong>larvis</strong></span> <span class='ocrx_word' id='word_1_209' title='bbox 2508 4283 2623 4329; x_wconf 90' lang='lat' dir='ltr'><strong>seu</strong></span> <span class='ocrx_word' id='word_1_210' title='bbox 2666 4284 2803 4329; x_wconf 88' lang='lat' dir='ltr'><strong>ma-</strong></span> 
     </span>
     <span class='ocr_line' id='line_1_30' title="bbox 516 4370 2801 4456; baseline -0.001 -19"><span class='ocrx_word' id='word_1_211' title='bbox 516 4370 757 4437; x_wconf 75' lang='lat' dir='ltr'><strong>echeris</strong></span> <span class='ocrx_word' id='word_1_212' title='bbox 803 4371 1061 4452; x_wconf 85' lang='lat' dir='ltr'><strong>(Franc.</strong></span> <span class='ocrx_word' id='word_1_213' title='bbox 1110 4380 1174 4437; x_wconf 92' lang='lat' dir='ltr'><strong>et</strong></span> <span class='ocrx_word' id='word_1_214' title='bbox 1217 4374 1390 4456; x_wconf 89' lang='lat' dir='ltr'><strong>Lips.</strong></span> <span class='ocrx_word' id='word_1_215' title='bbox 1441 4373 1658 4454; x_wconf 81' lang='lat'><strong>1723).</strong></span> <span class='ocrx_word' id='word_1_216' title='bbox 1745 4372 1926 4448; x_wconf 80' lang='lat' dir='ltr'><strong>Quae</strong></span> <span class='ocrx_word' id='word_1_217' title='bbox 1993 4377 2188 4436; x_wconf 87' lang='lat' dir='ltr'><strong>antea</strong></span> <span class='ocrx_word' id='word_1_218' title='bbox 2248 4370 2521 4453; x_wconf 87' lang='lat' dir='ltr'><strong>singulis</strong></span> <span class='ocrx_word' id='word_1_219' title='bbox 2566 4377 2629 4434; x_wconf 91' lang='lat' dir='ltr'><strong>et</strong></span> <span class='ocrx_word' id='word_1_220' title='bbox 2674 4370 2801 4436; x_wconf 90' lang='lat' dir='ltr'><strong>dis-</strong></span> 
     </span>
     <span class='ocr_line' id='line_1_31' title="bbox 515 4476 2802 4565; baseline 0 -22"><span class='ocrx_word' id='word_1_221' title='bbox 515 4477 744 4563; x_wconf 85' lang='lat' dir='ltr'><strong>sipatis</strong></span> <span class='ocrx_word' id='word_1_222' title='bbox 787 4478 947 4545; x_wconf 87' lang='lat' dir='ltr'><strong>locis</strong></span> <span class='ocrx_word' id='word_1_223' title='bbox 993 4478 1072 4545; x_wconf 90' lang='lat' dir='ltr'><strong>de</strong></span> <span class='ocrx_word' id='word_1_224' title='bbox 1116 4480 1404 4565; x_wconf 87' lang='lat' dir='ltr'><strong>personis</strong></span> <span class='ocrx_word' id='word_1_225' title='bbox 1448 4481 1686 4563; x_wconf 87' lang='lat' dir='ltr'><strong>scripta</strong></span> <span class='ocrx_word' id='word_1_226' title='bbox 1724 4484 1889 4562; x_wconf 89' lang='lat' dir='ltr'><strong>sunt,</strong></span> <span class='ocrx_word' id='word_1_227' title='bbox 1933 4478 2039 4544; x_wconf 92' lang='lat' dir='ltr'><strong>hic</strong></span> <span class='ocrx_word' id='word_1_228' title='bbox 2083 4477 2398 4546; x_wconf 85' lang='lat' dir='ltr'><strong>subtiliter</strong></span> <span class='ocrx_word' id='word_1_229' title='bbox 2418 4476 2802 4544; x_wconf 89' lang='lat' dir='ltr'><strong>indicantur.</strong></span> 
     </span>
    </p>
   </div>
   <div class='ocr_carea' id='block_1_6' title="bbox 3103 2114 3107 2652">
    <p class='ocr_par' dir='ltr' id='par_1_10' title="bbox 3103 2114 3107 2652">
     <span class='ocr_line' id='line_1_32' title="bbox 3103 2114 3107 2652; baseline 0 0"><span class='ocrx_word' id='word_1_230' title='bbox 3103 2114 3107 2652; x_wconf 95' lang='lat' dir='ltr'><strong> </strong></span> 
     </span>
    </p>
   </div>
   <div class='ocr_carea' id='block_1_7' title="bbox 3098 2828 3104 3760">
    <p class='ocr_par' dir='ltr' id='par_1_11' title="bbox 3098 2828 3104 3760">
     <span class='ocr_line' id='line_1_33' title="bbox 3098 2828 3104 3760; baseline 0 0"><span class='ocrx_word' id='word_1_231' title='bbox 3098 2828 3104 3760; x_wconf 95' lang='lat' dir='ltr'><strong> </strong></span> 
     </span>
    </p>
   </div>
  </div>
 </body>
</html>
