3125 5000
1244 318 1668 381 „27-

305 492 378 557 in
423 492 563 557 Hel.
612 490 732 575 (vs.
784 489 1003 573 1224),
1048 490 1408 573 Clytaemn.
1449 490 1514 555 in
1561 492 1661 556 El.
1705 495 1823 574 (vs.
1874 492 2091 578 1071).
2133 531 2219 542 —-
2263 492 2590 557 Menelaus

310 601 381 666 in
411 601 615 668 Orest.
665 599 785 685 (vs.
819 599 1006 683 1532,
1052 599 1131 665 cf.
1178 599 1319 685 Iph.
1342 600 1486 664 Aul.
1535 601 1676 666 175.
1681 598 1729 687 ),
1775 600 1979 667 Orest.
2022 600 2089 665 in
2134 601 2232 666 El.
2277 601 2397 687 (νε.
2442 600 2590 675 515,

313 709 396 777 cf
441 709 576 796 Iph.
620 710 813 774 Taur.
861 706 998 794 51),
1041 702 1375 793 Hippolyt.
1417 708 1484 772 in
1530 707 1724 794 Hipp.
1772 709 2021 794 (1343),
2065 710 2254 775 Herc.
2296 709 2364 773 in
2404 709 2592 774 Herc.

309 819 429 886 fur.
496 819 704 905 (362),
746 818 904 903 Lyc.
948 816 1016 882 in
1062 818 1248 884 Herc.
1296 815 1418 884 fur.
1462 816 1589 902 (νε.
1634 815 1827 903 233),
1893 816 2180 884 Bacchus
2236 816 2304 882 in
2360 816 2591 881 Bacch.

306 927 420 1017 (cf.
466 926 708 1014 supra).

1237 1011 1303 1080 2.
1391 1010 1662 1080 Vestes.

480 1142 843 1212 Secundum
891 1142 1252 1210 Genellium
1279 1142 1328 1227 1)
1375 1120 1634 1209 habitus
1658 1143 1990 1209 scaenicus
2012 1143 2288 1208 virorum
2330 1141 2451 1208 fuit
2489 1146 2590 1207 tu-

306 1254 455 1320 nica
499 1253 753 1319 variata
796 1273 938 1318 cum
984 1252 1293 1336 manicis,
1342 1271 1508 1336 quae
1552 1250 2065 1318 adolescentibus
2107 1270 2309 1335 usque
2350 1248 2437 1314 ad
2477 1269 2590 1333 ge-

304 1382 456 1447 nua,
502 1361 656 1426 viris
700 1367 775 1426 et
807 1360 1067 1426 senibus
1127 1380 1326 1444 usque
1384 1358 1470 1425 ad
1515 1360 1713 1445 pedes
1759 1359 2183 1446 dependebat.
2268 1358 2439 1424 Nihil
2506 1356 2588 1423 de

309 1469 434 1535 hac
477 1491 545 1537 re
586 1469 877 1555 traditur,
922 1469 1036 1536 sed
1080 1471 1290 1556 potius
1333 1469 1400 1534 in
1432 1468 1588 1535 artis
1626 1471 2068 1554 monumenti8‚
2114 1489 2278 1554 quae
2322 1466 2407 1533 ad
2451 1487 2584 1533 rem

305 1579 666 1646 scaenicam
714 1584 1025 1664 spectant,
1070 1598 1288 1644 omnes
1334 1578 1560 1644 heroes
1606 1585 1670 1644 et
1709 1578 2004 1646 heroides
2032 1578 2261 1645 tunicis
2305 1576 2583 1642 eiusdem

300 1686 721 1772 longitudinis
766 1694 1042 1752 utuntur.
1138 1686 1400 1752 Accedit
1422 1686 1589 1771 quod
1621 1686 1957 1771 longitudo
2001 1686 2377 1770 tunicarum,
2419 1703 2586 1768 quac

302 1816 505 1881 usque
547 1795 632 1860 ad
677 1795 997 1860 saeculum
1044 1795 1243 1879 quint.
1304 1816 1362 1860 a.
1409 1795 1556 1861 Chr.
1603 1817 1661 1860 n.
1720 1796 1805 1862 ab
1850 1795 2347 1862 Atheniensibus
2405 1813 2583 1860 usur·

301 1912 498 1990 patae
544 1909 725 1986 sunt,
769 1924 847 1969 ex
893 1904 1120 1988 quibus
1165 1909 1234 1968 ut
1277 1911 1470 1969 antea
1533 1905 1942 1989 exposuimus
1986 1905 2360 1971 histrionum
2405 1902 2587 1968 habi-

302 2021 407 2079 tus
455 2012 762 2096 originem
808 2011 1008 2098 duxit,
1053 2013 1191 2078 sive
1251 2013 1528 2078 virorum
1577 2013 1713 2081 sive
1758 2015 2088 2081 mulierum
2132 2014 2297 2081 inter
2339 2032 2410 2080 se
2454 2032 2582 2078 non

303 2121 643 2187 differebat
662 2119 732 2208 2).

1185 2333 1247 2379 a.
1332 2316 1710 2400 Aeschylus.

471 2463 834 2530 Minerva
917 2463 986 2528 in
1074 2463 1409 2531 Eumenid.
1486 2464 1720 2550 aegide
1802 2465 2039 2533 amicta
2115 2470 2213 2532 est
2292 2465 2412 2552 (νε.
2455 2463 2587 2531 404

299 2575 545 2653 πτερῶν
589 2572 735 2652 ἄτερ
784 2570 1131 2650 ῥοιβδοῦσα
1177 2569 1423 2633 κόλπον
1465 2573 1761 2660 αἰγίδος).

478 2681 532 2745 Β
552 2701 592 2744 a
613 2700 646 2744 c
662 2700 695 2746 c
711 2681 754 2744 h
773 2700 810 2744 u
832 2699 862 2745 s
886 2681 953 2744 in
977 2680 1302 2764 Lycurgia
1325 2681 1697 2748 muliebrem
1742 2687 1983 2748 vestem
2008 2681 2131 2747 sibi
2175 2678 2402 2745 induit.
2489 2677 2589 2747 Of.

301 2785 626 2873 Aristoph.
671 2787 924 2854 Thesm.
976 2788 1100 2854 134
1159 2810 1295 2874 sqq.
1339 2788 1541 2857 Mnes.
1589 2789 1674 2855 ad
1713 2791 1946 2875 Agath.
1991 2793 2097 2851 καί
2140 2791 2214 2876 σ’,
2258 2785 2311 2851 ὦ
2354 2790 2586 2875 νεᾶνις,

302 2895 435 2981 ἥτις
475 2896 568 2971 εἴ,
615 2897 745 2958 κατ’
791 2895 1119 2976 Αἰσχύλον
1156 2893 1257 2959 ’Ἐκ
1300 2903 1404 2981 τῆς
1465 2902 1900 2983 Λυκουργείας
1958 2898 2226 2980 ἐρέσθαι
2269 2895 2583 2980 βούλομαι

308 3004 620 3078 Ποδαπὸς
664 3026 698 3065 ο
743 3004 994 3083 yv'vmc3
1038 3007 1128 3078 τίς
1170 3005 1424 3092 πάτρα·
1482 3010 1572 3081 τίς
1615 3005 1651 3091 ἦ
1685 3007 1922 3092 στολήξ
1965 3006 2177 3074 Schol.
2224 3012 2393 3073 recte
2436 3007 2587 3073 adn.

303 3112 468 3189 λέγει
514 3112 585 3175 δὲ
631 3114 1058 3199 (Λυκοῦργος)
1124 3113 1195 3175 ἐν
1253 3125 1382 3188 τοῖς
1414 3114 1724 3190 Ηδωνοῒς
1782 3117 1944 3200 πρὸς
1978 3118 2089 3178 τὸν
2132 3113 2584 3199 συλληφθέντα

302 3221 639 3285 Διόνυσον.
725 3222 859 3287 Nec
905 3241 1035 3287 non
1078 3223 1423 3290 verisimile
1459 3232 1555 3291 est
1595 3226 1874 3292 tunicam
1898 3244 2122 3291 croceo
2148 3223 2356 3292 colore
2383 3222 2579 3289 fuisse

306 3328 416 3414 (cf.
458 3331 648 3395 Arist.
691 3330 853 3395 Ran.
896 3330 1033 3414 45).

473 3438 701 3504 Vestes
744 3443 965 3522 nigras
1009 3441 1311 3523 gestabat
1354 3441 1647 3508 chorus
1689 3442 1771 3507 in
1816 3444 2123 3508 Eumen.
2168 3441 2279 3528 (cf.
2325 3463 2387 3527 p.
2438 3440 2568 3524 24).

294 3544 736 3612 Cassandra
779 3548 845 3611 in
869 3550 1099 3631 Agam.
1141 3549 1368 3615 induta
1413 3559 1551 3617 erat
1595 3560 1771 3618 veste
1816 3551 2217 3618 sacerdotum
2261 3554 2378 3634 (vs.
2403 3549 2572 3615 1264

304 3652 449 3718 ίδοῦ
512 3652 568 3715 δ’
636 3653 972 3717 Ἀπόλλων
1060 3652 1251 3729 αὐτὸς
1314 3657 1564 3721 ἐκδύων
1636 3659 1747 3740 ἐμὲ
1810 3662 2183 3742 χρηστηρίαν
2242 3655 2570 3741 ἕσθῆταῦ),

294 3761 388 3827 ch
415 3781 606 3828 orus
650 3762 1117 3829 Danaidum
1153 3768 1516 3850 peregrinis
1570 3768 1786 3851 palliis
1831 3775 1894 3833 et
1934 3773 2300 3850 tegumento
2346 3766 2578 3850 capitis

292 3871 413 3958 (vs.
456 3872 586 3937 234
632 3869 939 3933 ποδαπὸν
984 3870 1213 3952 ὅμιλον
1256 3873 1431 3936 τόνδ’
1494 3874 2037 3960 ἀνελληνόστολον
2081 3872 2381 3938 πέπλοισι
2424 3879 2577 3958 βαρ-

288 3979 541 4062 βάροισι
599 3981 709 4041 καὶ
772 3977 1141 4060 πυκνώμασι
1205 3981 1462 4061 χλίοντα
1520 3987 2025 4068 προσφωνοῦμεν
2041 3985 2124 4072 3),
2185 3983 2450 4058 duces„
2493 3985 2573 4049 in

446 4267 496 4336 1)
536 4267 731 4324 Theat.
769 4287 838 4323 zu
879 4269 1062 4325 Athen
1097 4287 1151 4339 p.
1190 4274 1288 4341 873
1344 4272 1413 4326 cf.
1449 4263 1642 4341 Klein,
1697 4273 1891 4329 Gesch.
1939 4274 1990 4329 d.
2029 4275 2262 4334 Dramas
2300 4279 2328 4333 1
2362 4296 2417 4348 p.
2457 4281 2575 4336 150.

288 4352 456 4421 Bode,
493 4353 686 4411 Gesch.
726 4356 776 4411 d.
814 4358 943 4413 hell.
979 4358 1202 4414 Dichtk.
1239 4361 1335 4428 ΠΙ,
1372 4378 1425 4428 p.
1472 4365 1586 4416 179.

431 4444 488 4516 2)
524 4443 608 4498 De
642 4447 828 4502 tunica
866 4463 1145 4502 servorum
1184 4448 1252 4504 cf.
1290 4449 1436 4504 infra
1472 4467 1525 4519 p.
1565 4455 1651 4506 42.

433 4535 489 4606 3)
523 4534 608 4590 De
643 4543 827 4591 vatum
861 4538 1056 4594 habitu
1090 4539 1159 4594 cf.
1199 4539 1344 4594 infra
1381 4557 1433 4609 p.
1473 4542 1557 4595 41.
