3125 5000
1524 319 1780 382 —2‘2
1875 357 1950 364 .,,

600 492 787 579 'ipsae
833 493 1209 559 tabellarum
1256 492 1634 577 antiquioris
1693 492 1997 577 temporis
2043 498 2222 574 sunt,
2292 512 2548 578 prorsus
2613 513 2693 559 ex
2737 500 2881 561 arte

609 604 995 670 Graecorum
1040 603 1339 689 pendere,
1384 624 1510 668 non
1557 601 1878 687 expressis
1939 601 2149 668 verbis
2211 601 2496 668 indicare
2556 622 2718 689 opus
2762 608 2880 670 est.

782 712 956 791 Quas
1003 711 1086 776 ad
1130 710 1386 777 fabulas
1419 711 1701 777 Graecas
1746 730 2019 777 scaenae
2043 711 2420 796 pertineant,
2466 711 2724 777 dubium
2770 731 2878 777 ex-

607 818 792 884 sistit.
879 819 952 886 C.
993 819 1066 886 0.
1111 819 1339 884 Muller
1384 818 1651 884 alteram
1698 819 2013 903 picturam
2061 818 2285 902 (Wies.
2311 819 2427 904 IX,
2462 819 2527 905 1)
2574 839 2873 886 scaenam

607 945 685 992 ex
732 928 946 1013 Eurip.
987 927 1195 1013 Iphig.
1239 927 1383 993 Aul.
1436 947 1578 994 esse
1638 928 1918 1012 censuit,
1983 928 2151 1011 quod
2214 928 2342 994 iam
2401 928 2655 995 Wiesel.
2699 928 2875 995 haud

601 1036 936 1121 probabile
979 1057 1119 1103 esse
1163 1036 1488 1103 contendit
1510 1036 1583 1119 1).
1668 1036 1821 1101 Mihi
1855 1056 2103 1120 quoque
2127 1037 2357 1103 Mflller
2384 1058 2512 1103 non
2537 1039 2876 1123 persuasit,

602 1144 715 1211 sed
760 1146 974 1212 nescio
1018 1146 1343 1211 meliorem
1388 1144 1768 1211 sententiam
1824 1144 2127 1230 proferre.
2213 1147 2415 1226 Quam
2462 1146 2547 1211 ad
2591 1146 2873 1212 fabulam

601 1253 808 1319 altera
852 1253 1074 1339 (Wies.
1116 1253 1290 1337 VIII,
1338 1253 1447 1337 12)
1492 1253 1825 1338 pertineat,
1868 1254 2067 1319 multo
2111 1254 2240 1319 iam
2286 1255 2496 1320 minus
2519 1255 2872 1321 diiudicare

601 1363 826 1429 audeo.
911 1363 1152 1427 Tamen
1202 1362 1351 1427 mihi
1401 1382 1527 1427 non
1575 1361 1867 1446 displicet
1908 1362 2247 1428 Ribbeckii
2290 1363 2652 1429 coniectura
2670 1364 2721 1450 2)
2765 1364 2874 1448 qui

601 1471 768 1536 hanc
810 1491 1108 1537 scaenam
1154 1471 1239 1536 ad
1282 1470 1689 1556 Iphigeniam
1733 1471 1943 1536 refert.

775 1579 1047 1645 Picturis
1090 1580 1304 1645 statim
1348 1578 1587 1645 addere
1613 1578 1768 1644 mihi
1814 1580 2005 1646 liceat
2050 1599 2210 1664 opus
2254 1580 2643 1645 tessellatum
2669 1581 2869 1647 Musei

603 1689 899 1755 Vaticani
918 1688 969 1775 ⁸)
1013 1697 1329 1775 repertum
1373 1689 1579 1773 Lorii,
1639 1709 1804 1772 quae
1849 1689 2000 1755 urbs
2044 1698 2141 1754 est
2184 1689 2307 1754 sita
2352 1690 2756 1755 Etruscorum
2804 1692 2869 1756 in

601 1820 779 1884 agro,
825 1799 992 1884 quod
1035 1800 1483 1884 imperatorum
1529 1798 1779 1863 demum
1825 1799 2214 1883 temporibus
2256 1797 2493 1864 factum
2520 1806 2631 1865 est.
2718 1800 2872 1866 Arte

597 1915 811 1974 autem
876 1909 1175 1974 cohaeret
1256 1928 1396 1973 cum
1468 1907 1731 1992 picturis
1794 1907 2202 1992 Pompeianis
2261 1906 2650 1992 Graecisque
2716 1911 2871 1976 artis

596 2018 913 2103 operibus.
1001 2019 1245 2083 Tamen
1273 2036 1432 2103 opus
1469 2017 1860 2082 tessellatum
1906 2037 2033 2082 non
2079 2018 2281 2082 solum
2326 2018 2650 2083 interitum
2695 2021 2873 2105 artis,

595 2127 710 2196 sed
766 2128 956 2194 etiam
1001 2148 1133 2193 rem
1179 2127 1539 2192 scaenicam
1586 2125 1669 2191 ad
1715 2125 1965 2192 ruinam
1995 2125 2329 2211 delapsam
2362 2146 2501 2192 esse
2542 2127 2782 2195 indicat
2796 2129 2872 2215 4).

769 2238 870 2302 Ex
916 2235 1139 2303 eodem
1182 2234 1316 2302 fere
1359 2242 1644 2320 tempore
1713 2241 1809 2300 est
1862 2235 2115 2319 signum
2160 2236 2497 2301 eburneum
2546 2234 2871 2304 histrionis

593 2346 822 2431 tragici
863 2367 904 2412 a
943 2347 1222 2412 Roberto
1267 2344 1505 2411 editum
1551 2345 1746 2429 (Mon.
1801 2343 1860 2409 d.
1901 2344 1952 2409 I.
1997 2344 2114 2424 XI,
2160 2345 2287 2429 13).
2374 2346 2574 2412 Totus
2616 2346 2870 2430 quidem

593 2463 854 2525 ornatus
896 2454 1266 2523 histrionem
1308 2454 1624 2522 Graecum
1646 2452 1908 2538 indicat,
1951 2452 2065 2519 sed
2095 2472 2367 2539 persona
2398 2473 2539 2519 cum
2562 2456 2869 2524 caeruleis

596 2566 874 2634 crinibus
918 2565 1004 2631 ad
1046 2565 1368 2631 interitum
1413 2565 1506 2629 rei
1548 2563 1885 2629 scaenicae
1929 2564 2104 2629 velut
2150 2563 2351 2647 digito
2401 2571 2726 2632 monstrat.

767 2673 1017 2741 Deinde
1062 2674 1182 2740 hoc
1226 2673 1366 2740 loco
1411 2671 1962 2739 commemoranda
2005 2679 2101 2738 est
2144 2673 2393 2758 pictura
2439 2675 2702 2758 parietis
2746 2674 2869 2761 Cy·
2930 2687 2935 2692 ’

591 2785 764 2853 renis
808 2791 1062 2870 reperta
1087 2784 1312 2868 (WieS.
1335 2783 1516 2866 XIII,
1539 2783 1628 2869 2).
1716 2782 2116 2865 Quamquam
2141 2781 2481 2848 histriones
2526 2784 2865 2850 secundum

593 2895 936 2963 editionem
981 2915 1022 2958 a
1046 2893 1257 2959 Pacho
1303 2898 1589 2958 curatam
1636 2892 1976 2958 cothurnos
2023 2912 2148 2957 non
2183 2896 2455 2976 gestant,
2501 2898 2712 2959 tamen
2759 2913 2868 2959 eos

593 3002 679 3069 ad
722 3021 1019 3069 scaenam
1065 3001 1376 3068 Graecam
1440 3000 1758 3085 pertinere
1817 3019 2075 3083 censeo,
2139 2999 2289 3083 quia
2362 2999 2537 3065 basis
2596 2999 2866 3084 pedibus

590 3089 891 3178 subiecta
920 3130 1021 3175 me
1066 3107 1320 3192 quidem
1365 3107 1576 3174 iudice
1619 3126 1735 3191 pro
1781 3105 2104 3172 cothurnis
2149 3107 2325 3172 valet
2338 3107 2409 3193 5).

762 3220 936 3284 Inter
978 3222 1390 3284 monumenta
1454 3223 1686 3302 autem,
1731 3235 1897 3300 quae
1964 3214 2049 3281 ad
2093 3236 2225 3282 rem
2285 3217 2644 3283 scaenicam
2687 3237 2861 3304 spec-

587 3334 761 3414 tant,
818 3329 929 3393 vix
972 3325 1451 3394 commemorari
1495 3325 1687 3392 debet
1730 3326 1952 3391 tabula
1995 3345 2077 3391 ex
2121 3345 2270 3392 aere
2314 3325 2488 3393 facta
2500 3325 2572 3414 6).
2663 3329 2868 3409 Quam

735 3630 789 3698 1)
825 3630 892 3684 D.
931 3628 981 3683 d.
1020 3629 1082 3683 B.
1120 3645 1174 3697 p.
1210 3631 1280 3683 52
1317 3635 1371 3682 et
1410 3629 1614 3682 Annali
1651 3627 1701 3681 d.
1739 3628 1871 3682 Inst.
1910 3626 2058 3695 XXI,
2095 3643 2150 3695 p.
2190 3629 2310 3681 368.

732 3721 790 3790 2)
827 3720 982 3774 Rom.
1022 3719 1186 3786 Trag.
1228 3734 1281 3786 p.
1320 3720 1443 3786 663,
1482 3720 1571 3772 88.

733 3810 790 3880 3)
825 3809 996 3864 Wies.
1031 3807 1098 3863 D.
1135 3808 1185 3862 d.
1221 3808 1284 3862 B.
1324 3808 1443 3862 VIL
1480 3808 1627 3862 vm.
1699 3807 1900 3863 Totum
1924 3824 2063 3876 opus
2098 3808 2240 3863 edid.
2277 3808 2476 3877 Millin,
2514 3809 2863 3878 Description

589 3899 747 3953 d'une
783 3899 1074 3966 Mosa’ique
1112 3904 1222 3952 ant.
1261 3898 1334 3951 du
1369 3898 1510 3951 Mus.
1547 3897 1934 3952 Pio-Clement.

731 3988 789 4058 4)
825 3988 975 4042 Fieri
1011 4004 1119 4042 non
1156 3993 1340 4055 potest
1378 3993 1439 4041 ut
1475 4002 1705 4041 scaenae
1743 3987 1814 4041 ad
1850 3987 2065 4043 fabulas
2092 3996 2271 4043 certas
2301 3989 2625 4044 referantur.
2697 3989 2862 4046 Immo

588 4093 718 4133 vero
756 4078 1029 4132 interdum
1065 4078 1253 4132 viriles
1290 4083 1345 4131 et
1384 4077 1677 4131 muliebres
1714 4084 1902 4146 partes
1960 4078 2103 4132 inter
2140 4094 2200 4134 se
2253 4079 2562 4133 discernere
2597 4095 2706 4134 non
2741 4096 2865 4149 pos-

586 4184 786 4327 sumug).
821 4255 1030 4310 Eodem
1068 4257 1226 4313 modo
1265 4256 1472 4311 iudicat
1506 4255 1731 4310 Wiesel.
1770 4256 1839 4310 D.
1878 4254 1927 4309 d.
1967 4256 2028 4310 Β.
2066 4273 2119 4326 p.
2163 4260 2279 4312 100.

726 4348 783 4418 6)
822 4348 987 4401 Arch.
1038 4346 1157 4415 Ztg.
1196 4346 1370 4413 XXV,
1425 4344 1547 4400 Taf.
1587 4346 1846 4414 CCXXV,
1906 4350 1951 4400 l.
1990 4362 2043 4414 p.
2082 4349 2202 4401 225.
2243 4379 2309 4388 -—
2366 4347 2651 4403 Meliorem
2703 4349 2859 4418 imag.

585 4438 807 4494 tabulae
845 4437 928 4492 ed.
970 4438 1030 4493 B.
1062 4436 1285 4504 Arnold,
1325 4436 1526 4490 ‘Platte
1563 4437 1662 4490 mit
1700 4436 1962 4491 scenisch.
2036 4435 2458 4508 Vorstellungen
2495 4440 2567 4494 im
2605 4439 2736 4495 0011.
2757 4439 2863 4494 Ro-

588 4542 749 4584 mano
785 4527 1096 4596 Wi'irzburg
1139 4527 1274 4581 1868
1311 4542 1363 4593 p.
1409 4525 1506 4580 142
1544 4526 1711 4595 seqq.’
