3125 5000
1459 306 1887 370 ‘40-

701 479 994 564 Reginae
1037 483 1292 563 praeter
1334 477 1616 542 tunicam
1674 496 2059 562 purpuream
2104 477 2302 562 pallio
2348 478 2498 544 albo
2544 479 2820 546 amictae

533 595 734 674 erant,
780 587 948 673 quod
992 586 1343 653 vocabatur
1385 585 1741 669 παράπηχυ
1788 585 2167 671 (παράπηχυ
2220 586 2455 650 λευκὸν
2497 589 2603 670 τῆς
2646 591 2825 668 βασι-

533 695 879 781 λευούσης).
968 695 1228 762 Polluce
1273 701 1534 760 auctore
1599 696 1769 779 (VII,
1815 695 1898 760 53
1946 694 2330 778 παράπηχυ·
2378 692 2632 776 ἱμάτιον
2675 697 2822 760 λευ-

532 805 666 891 κόν,
725 807 930 888 πῆχυν
976 808 1354 889 πορφυροῦν
1413 802 1557 883 ἔχον
1622 803 2162 890 παρυφασμένον)
2224 803 2347 869 hoc
2392 803 2512 870 suit
2553 806 2823 891 pallium

527 916 742 982 album
789 932 1107 1000 purpureo
1153 931 1293 977 cum
1338 912 1652 996 margine,
1697 913 1994 994 παρυφές
2036 916 2247 976 autem
2296 918 2360 978 et
2384 912 2828 997 παραλουργές

528 1024 730 1110 pallia
777 1042 916 1087 cum
962 1020 1209 1086 duobus
1251 1019 1647 1103 marginibus
1709 1037 2033 1104 purpureo
2087 1018 2300 1084 colore
2347 1019 2481 1103 (καὶ
2527 1024 2824 1105 παρυφὲς

534 1130 607 1193 δὲ
652 1131 759 1190 καὶ
804 1126 1250 1207 παραλουρνὲς
1295 1124 1361 1189 τὸ
1410 1125 1813 1209 ἑκατέρωθεν
1846 1125 1994 1205 ἔχον
2016 1129 2531 1212 παρυφασμένην
2571 1128 2826 1211 πορφύ-

532 1238 702 1322 ραν).
790 1236 1031 1302 Contra
1094 1231 1419 1318 Hesychio
1486 1232 1901 1318 (παραπῆχυς
1962 1231 2142 1319 (sici)
2223 1228 2476 1313 ἱμάτιον
2541 1237 2605 1297 τὸ
2671 1236 2823 1316 παρ’

531 1343 831 1428 ἑκατέρω)
876 1345 1068 1424 μέρος
1113 1342 1259 1422 ἕχον
1302 1339 1673 1424 πορφύραν)
1745 1346 1809 1404 et
1866 1339 2096 1406 Photio
2144 1339 2526 1426 (παράπηχυ
2572 1339 2824 1423 ἷμάτιον

529 1451 597 1515 τὸ
645 1452 798 1531 παρ’
843 1450 1144 1529 ἐκατέρον
1185 1450 1376 1529 μέρος
1422 1447 1568 1526 ἔχον
1614 1445 1984 1530 πορφύραν·
2027 1448 2205 1512 τοῦτο
2253 1446 2324 1509 δὲ
2370 1451 2477 1509 καὶ
2524 1452 2824 1532 παρυφὲς

532 1555 828 1639 καλοῦσι)
875 1554 1245 1620 auctoribus
1292 1552 1654 1636 παράπηχυ
1699 1575 1827 1618 non
1875 1553 2197 1618 diversum
2244 1555 2329 1619 ab
2375 1555 2485 1621 illo
2531 1555 2828 1638 παρυφές

532 1674 597 1733 et
640 1665 887 1731 duobus
931 1662 1328 1747 marginibus
1373 1681 1691 1748 purpureo
1748 1662 1959 1727 colore
2028 1668 2320 1726 ornatum
2368 1670 2539 1727 erat:
2582 1663 2684 1727 cui
2730 1662 2824 1728 rei

534 1775 881 1841 assentitur
925 1772 1189 1856 Becker,
1237 1770 1429 1835 Char.
1477 1770 1575 1833 III
1624 1767 1650 1806 ⁸
1693 1790 1754 1853 p.
1781 1770 1927 1834 256.
2017 1769 2145 1835 Sed
2192 1771 2267 1845 si,
2306 1772 2476 1854 quod
2510 1780 2575 1836 et
2597 1772 2826 1836 Pollux

535 1891 598 1949 et
654 1882 845 1948 ceteri
906 1880 1200 1965 tradunt,
1260 1881 1427 1944 inter
1499 1899 1569 1943 se
1615 1897 2099 1962 comparamus,
2161 1900 2262 1943 me
2309 1879 2560 1962 quidem
2609 1879 2822 1944 iudice

545 1990 802 2057 dubium
849 1990 958 2055 vix
1009 1989 1157 2068 erit,
1204 1988 1354 2071 quin
1423 1987 1639 2052 omnia
1682 1986 1769 2050 ad
1828 1984 2098 2052 eundem
2145 1986 2398 2070 quidem
2446 1986 2683 2053 fontem
2730 2009 2827 2054 re-

536 2100 750 2184 deant,
795 2097 909 2164 sed
957 2117 1100 2162 cum
1148 2096 1278 2180 ille,
1324 2115 1489 2179 quae
1557 2094 1877 2178 quondam
1926 2096 2166 2178 scripta
2213 2103 2414 2180 erant,
2459 2096 2825 2162 accuratius

531 2205 886 2288 tradiderit,
931 2204 1124 2269 ceteri
1171 2203 1407 2269 fontem
1455 2202 1593 2268 sive
1636 2202 1763 2287 ipsi
1794 2200 2198 2267 confuderint
2217 2203 2354 2268 sive
2385 2205 2823 2289 perturbatum

529 2313 982 2400 excerpserint.

705 2422 917 2489 Pallia
988 2422 1082 2487 ita
1145 2426 1376 2485 ornata
1421 2418 1797 2504 saepissime
1860 2416 1929 2481 in
1971 2400 2269 2482 vasorum
2331 2417 2599 2503 picturis
2645 2418 2819 2483 inve-

536 2531 744 2597 nimus
764 2531 834 2617 1).

1147 2666 1206 2731 3.
1295 2664 1598 2730 Heroes
1645 2669 1723 2729 et
1766 2661 2190 2729 Heroides.

707 2774 834 2854 Qui
877 2774 1065 2839 rebus
1123 2773 1414 2840 adversis
1485 2773 1700 2838 affecti
1768 2783 1952 2837 erant
1996 2778 2064 2836 ut
2099 2771 2486 2838 Philoctetes
2532 2775 2596 2835 et
2639 2771 2834 2852 Tele<

533 2884 699 2971 phus
744 2883 1094 2947 dilacerata
1137 2902 1275 2947 cum
1324 2889 1502 2947 veste
1548 2880 2141 2967 progrediebantur.

708 2991 943 3056 Milites
987 2997 1050 3055 et
1098 2998 1434 3056 venatores
1474 2990 2042 3075 circumplicabant
2087 2988 2380 3055 bracchio
2425 2988 2827 3075 chlamydem

529 3119 849 3188 purpureo
894 3106 1007 3165 aut
1047 3100 1313 3184 puniceo
1359 3100 1591 3182 colore,
1637 3100 1742 3164 cui
1786 3119 2016 3163 nomen
2062 3104 2202 3163 erat
2247 3097 2521 3179 ἐφαπτίς
2565 3097 2813 3185 (ἐφαπ-

534 3210 651 3280 τίς·
699 3204 1198 3288 συστρεμμάτιόν
1230 3230 1289 3269 τε
1329 3210 1711 3289 πορφυροῦν
1757 3207 1795 3288 ἤ
1839 3209 2190 3288 φοινικοῦν,
2238 3204 2274 3267 ὃ
2299 3209 2441 3287 περὶ
2485 3209 2592 3288 τὴν
2636 3216 2816 3287 χεῖρα

529 3316 700 3396 εἶχον
742 3311 803 3377 οἳ
847 3314 1266 3394 πολεμοῦντες
1309 3316 1370 3397 ἢ.
1393 3316 1759 3398 θηρῶντες.)
1781 3311 1851 3401 2).
1937 3314 2111 3380 Satis
2135 3316 2612 3380 emonumentis
2657 3316 2814 3382 artis

533 3429 784 3491 constat
800 3422 856 3507 ³)
916 3421 1126 3506 qualis
1170 3421 1366 3487 fuerit
1408 3441 1560 3487 usus
1627 3421 1814 3487 huius
1880 3420 2063 3506 pallii
2109 3419 2279 3504 quod
2325 3420 2449 3486 fuit
2489 3422 2603 3486 illa
2647 3422 2818 3487 chla-

533 3553 677 3617 mys
720 3538 1096 3597 venatorum
1144 3530 1222 3611 ἢν
1253 3530 1357 3593 δεῖ
1396 3533 1472 3619 τῇ
1511 3533 1667 3612 χειρὶ
1712 3533 1783 3617 τῇ
1828 3529 1986 3609 λαιᾷ
2034 3529 2432 3612 περιελίττειν
2475 3527 2665 3593 ὁπότε
2705 3553 2825 3611 με-

529 3643 761 3705 ταθέοι
804 3639 878 3702 τὰ
927 3641 1128 3722 θηρία
1173 3641 1210 3721 ἢ
1256 3636 1685 3720 προσμάχοιτο
1732 3638 1973 3710 τούτοις
2018 3638 2205 3720 (Poll.
2252 3639 2359 3722 IV,
2410 3639 2539 3722 18).

701 3749 800 3814 De
844 3748 1129 3813 vestibus
1174 3746 1378 3829 nigris
1423 3766 1662 3830 eorum,
1707 3746 1814 3828 qui
1861 3745 2123 3811 tristitia
2167 3746 2246 3812 de
2291 3752 2492 3811 morte
2537 3747 2809 3812 alicuius

678 3942 733 4011 1)
769 3940 1048 3996 Nonnulla
1121 3943 1371 4011 exempla
1447 3942 1678 3996 contulit
1725 3941 1945 3996 Weiss:
2018 3940 2434 3995 Kostiimkunde
2488 3942 2560 4010 H,
2611 3941 2664 3994 S.
2705 3944 2826 3996 706.

527 4033 647 4100 Fig.
685 4032 936 4085 244a—-l,

684 4127 741 4196 2)
780 4125 1068 4194 Copiosius
1106 4126 1218 4193 egit
1257 4124 1324 4179 de
1361 4142 1463 4179 usu
1499 4125 1647 4178 vocis
1684 4126 1907 4194 ἐφαπτίς
1942 4124 2112 4179 Wies.
2152 4124 2207 4176 in
2227 4123 2343 4178 Ind.
2383 4123 2552 4179 schol.
2595 4126 2832 4192 1869170

527 4217 678 4273 Gott.
716 4233 769 4284 p.
811 4220 875 4270 13
916 4232 1063 4286 seqq.

679 4310 734 4380 3)
774 4308 853 4362 Cf.
892 4325 1029 4377 opus
1067 4310 1201 4363 cael.
1241 4325 1371 4364 arae
1407 4309 1565 4379 Perg.
1606 4316 1837 4378 repert„
1875 4308 2140 4376 imprimis
2205 4307 2473 4377 Gerhard,
2507 4309 2737 4364 Denkm.
2775 4326 2830 4365 u.

525 4400 751 4457 Forsch.
796 4404 949 4469 1849,
1005 4402 1071 4471 V,
1110 4405 1143 4455 2
1183 4407 1248 4449 ---'
1296 4404 1432 4457 Ann.
1492 4403 1542 4457 d.
1601 4403 1732 4457 Inst.
1769 4401 1941 4470 XXV,
2008 4402 2121 4457 tab.
2165 4402 2349 4471 A-—B,
2388 4402 2476 4471 fig.
2514 4405 2573 4457 4:
2652 4402 2825 4471 Quam

534 4494 803 4562 picturam
844 4494 1242 4564 interpretatur
1276 4495 1501 4551 Wiesel.
1543 4496 1685 4552 Ann.
1722 4495 1757 4549 l.
1798 4511 1840 4548 c.
1880 4510 1935 4561 p.
1972 4497 2038 4548 37
2079 4509 2226 4564 seqq.
