3125 5000
1220 340 1644 405 ,29η-

474 512 608 579 Mil
630 512 733 576 iti
752 511 791 574 b
810 530 847 574 u
871 530 901 574 s
928 501 1183 575 habitus
1231 518 1371 575 erat
1396 508 1713 574 militaris.
1805 509 1903 573 Ita
1935 509 2223 575 Eteocles
2250 512 2311 573 in
2338 511 2573 578 P‘hoen.

305 622 392 688 ad
436 603 648 687 servos
695 620 877 705 (779)
938 619 1267 701 (ἐκφέρετέ
1313 619 1519 701 inquit
1576 617 1772 698 ’τεύχη
1831 614 2145 679 πάνοπλά
2203 617 2580 704 τ’άμᾳιβλή-

304 733 513 811 ματα’.
554 752 648 795 νε.
694 729 814 794 861
863 729 964 795 Cr.
1018 727 1334 808 ιβασιλεῦς
1373 730 1492 807 μὲν
1537 721 1649 790 οὖν
1692 728 1914 810 βέβηκε
1954 730 2295 810 κοσμηθεὶς
2319 727 2581 804 ὅπλοις’.

470 838 865 905 Mulieres
926 835 1296 922 prodierunt
1338 842 1452 901 aut
1494 835 1659 900 albis
1704 853 1843 899 cum
1887 834 2171 900 vestibus
2193 837 2469 921 (Helena
2512 839 2580 903 in

297 946 443 1011 Hel.
491 946 684 1031 1186)
746 953 856 1012 aut
901 965 938 1010 e
982 947 1176 1029 bysso
1245 944 1429 1010 factis
1491 942 1704 1028 (Chor.
1766 942 1995 1009 Bacch.
2061 943 2128 1009 in
2190 946 2419 1011 Bacch.
2485 968 2578 1014 vs.

301 1053 448 1119 821.
492 1053 725 1118 Bacch.
771 1052 1028 1115 ‘evenat
1069 1072 1186 1115 νυν
1217 1049 1385 1134 α’μφὶ
1415 1053 1603 1131 χρωτὶ
1621 1050 1954 1128 βυσσίνους
1991 1050 2309 1124 πέπλους’.
2353 1053 2581 1120 Penth.

299 1160 376 1222 ‘vi
419 1159 495 1243 δὴ
543 1160 713 1245 τόὸ’;
757 1162 847 1232 εἰς
889 1171 1195 1239 γυναῖκας
1238 1159 1307 1234 ἐξ
1352 1156 1589 1238 ἀνδρὸς
1630 1156 1821 1221 τελῶ’.
1867 1176 1959 1222 vs·
2007 1160 2134 1223 915
2199 1160 2423 1242 σκευὴν
2466 1182 2578 1238 γυ-

300 1274 519 1342 ναικὸς
561 1269 881 1351 μαινάδος
926 1269 1186 1352 Βάκχης
1229 1268 1438 1352 ἔχων),
1485 1266 1711 1351 quibus
1749 1266 2093 1351 praecipue
2136 1266 2448 1336 iuveniles
2491 1270 2581 1339 fe·

302 1379 514 1445 minae
559 1380 899 1446 utebantur
920 1379 970 1464 ¹)
1036 1383 1146 1444 aut
1228 1378 1495 1442 variatis
1588 1376 1828 1461 (Herm.
1900 1376 1966 1439 in
2060 1359 2265 1443 Andr,
2313 1397 2403 1444 vs.
2459 1380 2580 1446 148

307 1487 579 1568 στολμόν
623 1511 684 1550 τε
726 1491 964 1570 χρωτὸς
1004 1485 1189 1549 τόνδε
1233 1483 1539 1547 ποικίλων
1586 1482 1900 1569 πέπλων).

989 1702 1050 1770 3.
1139 1703 1575 1787 [tegumenta
1617 1702 1898 1789 capitis.

484 1864 899 1947 'fegumentis
943 1864 1170 1947 capitis
1215 1863 1446 1929 Graeci
1516 1862 1886 1948 plerumque
1943 1863 2007 1927 in
2069 1863 2295 1929 itinere
2339 1872 2583 1932 tantum
2619 1898 2628 1905 ’

308 1973 653 2038 utebantur
674 1971 745 2056 2).
830 1973 1148 2056 Respectu
1194 1971 1414 2036 habito
1461 1971 1652 2036 huius
1697 1970 2175 2037 consuetudinis
2243 1976 2444 2058 vitae,
2512 1978 2576 2040 in

311 2101 544 2146 scaena
599 2080 705 2163 qui
763 2078 1373 2164 proficiscentes
1430 2079 1870 2162 fingebantur,
1925 2078 2160 2164 pileum
2219 2083 2582 2164 gestabant:

308 2190 557 2256 Ismene
599 2189 667 2253 in
693 2189 884 2273 Soph.
914 2188 1072 2255 Oed.
1097 2188 1233 2254 Col.
1275 2209 1365 2254 vs.
1392 2189 1517 2252 313
1539 2188 1688 2253 Ant.
1729 2189 1927 2269 ’κρατὶ
1972 2185 2389 2273 δ’ἦλιοστερὴς
2431 2206 2584 2280 κυνῆ

309 2296 627 2377 πρόσωπα
690 2295 1004 2368 Θεσσαλίς
1059 2316 1160 2358 νιν
1227 2294 1574 2380 άμπέχει’),
1639 2295 1760 2359 Iris
1845 2295 1913 2359 in
1991 2295 2287 2381 Sophool.
2346 2298 2584 2370 Inacho

309 2405 548 2491 (Schol.
592 2403 676 2468 ad
719 2404 911 2468 Arist.
961 2406 1132 2467 Aves
1185 2403 1347 2467 1203
1410 2405 1565 2484 κυνῆ
1631 2401 1702 2463 δὲ
1745 2401 1839 2465 ὅτι
1906 2402 2028 2482 ἔχει
2075 2406 2586 2488 περικεφαλαίαν

307 2516 417 2575 τὸν
462 2516 757 2595 πέτασον,
803 2510 890 2584 ὥς
934 2508 966 2573 ὁ
1004 2508 1232 2593 Ἐρμῆς
1263 2508 1528 2585 ἄγγελος
1561 2511 1653 2571 ὦν
1699 2510 1878 2591 παρά
1911 2512 2232 2592 Σοφοκλεῖ
2253 2511 2323 2575 ἐν
2358 2511 2583 2604 Ἰνάχῳ

312 2624 419 2703 τῆς
451 2619 678 2700 Ἶριδος
734 2622 906 2701 ’γυνὴ
955 2622 1043 2692 τίς
1111 2617 1221 2701 ἥδε
1295 2617 1571 2701 συληνρἱς
1597 2616 1649 2703 ⁸)
1707 2616 2018 2700 Ἀρκάδος
2062 2621 2259 2707 κυνῆ),
2318 2621 2589 2691 fortasse

315 2730 545 2794 chorus
589 2735 927 2793 nautarum
971 2729 1034 2791 in
1080 2727 1275 2812 Soph.
1318 2726 1582 2792 Philoct.
1626 2727 1837 2790 Etiam
1884 2725 2146 2793 Plautus
2187 2729 2352 2796 inter
2395 2753 2593 2819 appa-

315 2842 521 2902 ratum
566 2843 900 2901 nautarum
971 2836 1257 2900 nominat
1296 2836 1583 2900 causiam
1617 2836 2044 2918 ferrugineam
2091 2837 2250 2919 (Mil.
2280 2840 2386 2924 IV,
2409 2845 2471 2927 4,
2501 2845 2591 2930 2).

487 2945 874 3010 Feminae
919 2944 1177 3029 saepius
1206 2944 1470 3028 pallium
1515 2963 1708 3028 supra
1738 2963 2026 3009 aversam
2076 2947 2305 3031 capitis
2347 2959 2594 3035 partem

313 3053 684 3140 portabant:
750 3053 842 3116 ita
886 3053 1209 3135 Antigone
1264 3052 1330 3116 in
1376 3053 1526 3117 Eur.
1593 3052 1832 3116 Phoen.
1890 3073 1982 3118 vs.
2034 3055 2202 3119 1490
2262 3059 2589 3142 κράδεμνα

313 3158 581 3223 δικοῦσα
640 3161 844 3241 κόμας
903 3158 1017 3222 ἄπ’
1076 3159 1328 3245 §pas-⁴).
1416 3160 1662 3227 Chorus
1721 3160 2088 3227 Danaidum
2149 3163 2212 3229 in
2280 3167 2587 3254 Aeschyli

312 3269 664 3354 Supplicib.
707 3288 1010 3335 scaenam
1054 3267 1343 3335 ascendit
1386 3275 1749 3353 tegumento
1794 3270 2023 3355 capitis
2065 3270 2352 3359 indutus,
2398 3278 2585 3365 quod,

316 3383 384 3440 ut
429 3375 783 3459 videbatur,
827 3396 862 3441 e
905 3397 1121 3463 panno
1166 3375 1467 3443 Sidonico
1509 3377 1747 3443 factum
1793 3387 1932 3445 erat
1974 3383 2096 3466 (vs.
2141 3382 2319 3468 235).

1198 3585 1269 3652 4.
1357 3583 1711 3667 Insignis.

491 3730 557 3814 1)
600 3729 735 3794 Dii
781 3737 860 3794 et
901 3731 1143 3796 Deae.
1232 3733 1458 3817 Apollo
1503 3740 1715 3815 gestat
1757 3734 1823 3798 in
1855 3733 2158 3819 Aeschyli
2201 3736 2383 3802 Eum.
2427 3737 2584 3822 pha-

313 3846 545 3904 retram
602 3859 743 3905 cum
787 3841 1044 3922 sagittis
1090 3846 1154 3904 et
1199 3861 1413 3905 arcum
1459 3844 1581 3925 (vs.
1606 3843 1732 3907 180
1759 3843 1842 3926 μὴ
1891 3851 1997 3904 καὶ
2016 3843 2301 3923 λαβοῦσα
2347 3851 2584 3931 πτηνὸν

313 3946 626 4031 ἀργηστὴν
670 3947 827 4029 ὅφιν
868 3947 1263 4031 χρυσηλάτου
1289 3948 1616 4031 θώμιγγος
1658 3949 2164 4036 ἐξωρμῶμενον),
2205 3973 2393 4020 arcus
2412 3955 2586 4022 solus

315 4062 838 4123 commemoratur
896 4056 963 4121 in
1024 4057 1173 4123 Eur.
1228 4057 1362 4124 Alc.
1427 4057 1547 4146 (vs.
1596 4059 1683 4125 34
1739 4058 1858 4123 νῦν
1916 4060 2082 4124 δ’ἒπὶ
2126 4060 2261 4152 τῇδ’
2303 4060 2387 4126 αὖ
2426 4067 2584 4147 χέρα

461 4292 514 4361 1)
551 4292 630 4347 Cf.
665 4293 805 4348 Poll.
843 4292 938 4362 IV,
977 4295 1080 4349 119
1117 4292 1144 4360 ἦ
1183 4293 1240 4347 δὲ
1270 4294 1376 4346 aar
1412 4296 1546 4347 νέων
1584 4295 1791 4365 (ἐσθὴς)
1827 4294 1978 4362 λευκὴ
2016 4295 2046 4361 ἤ
2078 4300 2315 4365 βυσσίνη.

455 4379 512 4448 2)
547 4379 625 4434 cf.
662 4381 889 4450 Becker,
927 4381 1087 4437 Char.
1124 4383 1232 4437 111⁸
1266 4400 1320 4452 p.
1359 4386 1481 4452 262,
1517 4384 1814 4454 Hermann,
1851 4385 2031 4441 P.-A.⁸
2064 4403 2118 4455 p.
2159 4389 2280 4442 179.

453 4469 510 4537 3)
546 4469 789 4536 Toupius
827 4473 996 4543 coni.;
1032 4473 1226 4534 κυκλιὶς
1257 4473 1340 4528 Ἀ.
1377 4473 1554 4538 κυνῆς.

456 4558 512 4626 4)
553 4556 629 4611 Cf.
666 4556 936 4613 Wieseler
971 4559 1038 4614 D.
1076 4560 1126 4615 d.
1169 4563 1228 4615 B.
1266 4560 1386 4630 VH,
1431 4562 1509 4616 11.
