3125 5000
1263 344 1684 406 ...9.-

507 519 705 584 Ροιϊο
748 518 1073 582 Lucianus
1119 535 1533 601 personarum
1581 514 1935 581 mirabilem
1982 513 2252 579 formam
2321 513 2448 578 oris
2508 512 2617 598 (de

334 628 474 694 salt.
523 648 575 693 ο.
620 628 699 692 27
751 626 950 707 στόμα
1011 627 1267 709 κεχηνὸς
1313 621 1651 709 πάμμεγα)
1719 629 1783 690 et
1827 623 2097 688 crinium
2160 622 2403 708 (Somn.
2449 641 2502 686 ο.
2533 621 2617 686 26

331 736 680 799 ἐπίσειστον
724 733 929 818 κόμην
958 735 1038 819 ¹))
1082 733 1246 801 ludit
1265 732 1335 819 2).

934 921 1004 990 2.
1090 922 1146 989 Δ
1189 920 1512 989 Luciano
1554 920 1648 989 ad
1688 919 2026 1006 Thespin.

507 1053 583 1117 In
630 1053 722 1117 eis
768 1071 933 1135 quae
982 1058 1330 1135 sequuntur
1390 1070 1555 1139 quae
1601 1051 1788 1117 nobis
1833 1055 2089 1116 exstant
2131 1048 2213 1115 de
2258 1046 2481 1113 habitu
2525 1044 2618 1110 hi-

330 1160 640 1225 strionum
686 1160 1077 1242 tragicorum
1122 1158 1309 1224 huius
1370 1160 1674 1243 temporis
1738 1157 2085 1224 conferam.
2127 1194 2218 1205 —
2259 1155 2617 1222 Histriones

326 1268 631 1351 Neronis,
677 1267 786 1350 qui
830 1265 1120 1332 Corinthi
1165 1265 1352 1331 ludos
1400 1267 1702 1351 agebant,
1748 1265 2072 1331 cothurnis
2103 1265 2198 1330 usi
2247 1267 2395 1330 sunt
2437 1262 2619 1344 (Luc.

331 1378 504 1442 Nero
546 1377 586 1440 9
630 1375 961 1455 εἰσπέμπει
990 1376 1218 1455 Νέρων
1252 1373 1355 1436 ἐπ’
1398 1371 1790 1455 ὄκριβοῖντων
1818 1373 1963 1446 τοὺς
2004 1371 2233 1436 ἑαυτοῦ
2276 1368 2621 1452 ὑποκριτὰς

337 1483 485 1568 κτέ).
572 1484 656 1548 Et
699 1484 868 1549 Nero
914 1483 1052 1567 ipse
1103 1481 1292 1547 modo
1350 1488 1418 1546 ut
1461 1482 1869 1548 citharoedus
1913 1480 2101 1547 modo
2147 1482 2229 1545 ‘ut
2272 1477 2619 1562 tragoedus

340 1612 641 1658 scaenam
688 1591 1070 1657 inscendens
1116 1590 1370 1655 fabulas
1432 1600 1571 1655 cum
1634 1612 1911 1676 persona
1978 1597 2043 1656 et
2098 1589 2422 1655 cothurnis
2487 1586 2622 1669 egit

331 1700 623 1786 (Cassius
669 1700 794 1765 Dio
840 1700 1077 1783 LXIX,
1126 1699 1209 1764 14
1272 1698 1447 1762 εἶδον
1504 1702 1615 1761 τόν
1659 1699 1873 1780 ἄνδρα
1917 1698 2162 1762 ἐκεῖνον
2204 1698 2276 1761 ἐν
2319 1699 2405 1780 τῷ
2453 1694 2618 1756 θεοῖ-

329 1830 481 1890 τρου
528 1807 736 1891 κύκλῳ
783 1811 890 1868 καὶ
932 1807 1004 1869 ἐν
1045 1811 1117 1896 τῇ
1161 1804 1471 1891 ὄρχήστρᾳ
1541 1811 1693 1871 ποτὲ
1758 1811 1876 1888 μὲν
1922 1807 2211 1888 κιθάραν
2255 1807 2478 1887 ἔχοντα
2522 1803 2620 1890 (ut

332 1915 765 2000 citharoedus)
812 1917 964 1979 ποτὲ
1010 1915 1083 1977 δὲ
1126 1916 1410 1997 ἐμβάτας
1467 1922 1573 1978 καὶ
1635 1926 2040 1998 προσωπεῖον
2086 1915 2183 2003 (ut
2218 1910 2620 1997 tragoedus).

332 2025 754 2109 Temporibus
847 2025 1172 2109 Apollonii
1254 2026 1616 2111 Tyanaeiss)
1697 2026 2038 2091 histriones
2126 2024 2350 2090 eodem
2429 2021 2619 2088 modo

333 2134 663 2200 cothurnis
707 2133 916 2199 induti
960 2141 1144 2200 erant
1189 2135 1381 2220 (Phil.
1426 2136 1578 2200 Vita
1608 2136 1816 2221 Apoll.
1860 2135 1937 2218 V,
1985 2137 2025 2200 9
2070 2134 2392 2217 ἐφεστῶτα
2439 2129 2621 2215 (ὑπο-

333 2243 574 2326 κριτὴν)
621 2243 953 2323 ὄκρίβασιν
996 2241 1194 2315 οὕτως
1257 2240 1563 2330 ὑψηλοῖς)
1619 2251 1682 2309 et
1745 2244 1873 2309 illis
1939 2242 2193 2327 quidem
2257 2248 2389 2306 tam
2454 2239 2623 2324 altiS,

331 2356 403 2416 ut
465 2348 719 2415 incolae
786 2348 968 2415 urbis
1036 2350 1325 2434 Hispalis
1371 2349 1710 2417 altitudine
1767 2355 2286 2435 perterrerentur.
2374 2346 2621 2412 Eadem

329 2593 661 2663 Hesychium
716 2593 902 2648 vocari
956 2594 1236 2661 potuerint
1287 2594 1550 2664 σωμάιια·
1605 2592 1665 2646 τὰ
1719 2596 1935 2647 σκύτινα
2004 2594 2203 2647 αῖδοῒα.
2288 2593 2416 2648 Sine
2453 2594 2617 2650 dubio

331 2685 438 2740 hoc
476 2686 596 2740 loco
635 2702 737 2754 pro
764 2686 1141 2755 σωμάλοιφος·
1185 2685 1212 2738 ὃ
1250 2688 1664 2759 κατηλειμμένος
1701 2688 1905 2757 σώματι
1941 2686 2002 2739 τὰ
2027 2688 2239 2740 σκύτινα
2263 2687 2447 2739 αἰδοῖα
2472 2694 2621 2741 recte

330 2778 562 2833 coniecit
598 2778 706 2831 iam
745 2779 1014 2847 Sopingus
1053 2777 1145 2849 (cf.
1183 2779 1405 2834 Wiesel.
1443 2780 1559 2833 Ind.
1602 2780 1771 2834 schol.
1815 2779 2003 2850 13⁶⁹lw
2041 2795 2093 2847 p.
2123 2780 2179 2849 7)
2236 2780 2615 2850 σωμάλοιφος·

330 2870 361 2923 ὃ
396 2874 822 2941 κατηλειμμένος.
895 2874 1162 2943 σωμάπα·
1200 2874 1260 2926 τὰ
1300 2875 1514 2927 σκύτινα
1551 2873 1752 2929 αἶδοῖα.

479 2964 533 3034 1)
571 2964 649 3018 cf.
687 2964 915 3031 Miiller,
950 2965 1166 3020 Handb.
1207 2965 1257 3020 d.
1295 2967 1461 3020 Arch.
1500 2967 1545 3036 ξ.
1586 2970 1707 3034 330,
1746 2970 1795 3020 4.

477 3056 536 3125 2)
575 3055 773 3111 Omnes
810 3073 939 3111 vero
977 3063 1166 3126 partes
1204 3057 1424 3112 habitus
1480 3059 1817 3126 tragicorum
1871 3058 2200 3112 histrionum
2251 3056 2347 3111 ille
2395 3071 2620 3110 comme-

329 3148 563 3203 moravit
613 3155 836 3216 praeter
905 3149 1180 3216 cingulum
1246 3150 1636 3220 (μασχαλιστὴρ
1673 3148 1811 3203 Poll.
1850 3149 1942 3217 IV,
1985 3148 2137 3217 117),
2193 3147 2337 3216 quod
2398 3148 2622 3202 circum-

330 3238 533 3293 iectum
582 3243 703 3291 erat
751 3236 986 3290 tunicae.
1074 3237 1230 3304 Quod
1287 3237 1531 3293 Schoene
1587 3237 1693 3307 (De
1748 3253 1891 3305 pers,
1945 3237 2003 3291 in
2039 3236 2172 3291 Eur.
2212 3236 2410 3291 Bacch.
2449 3238 2507 3292 h.
2545 3253 2618 3291 sc.

333 3346 388 3398 p.
426 3331 519 3400 26)
557 3330 920 3398 existimavit,
958 3347 1067 3387 non
1107 3347 1289 3386 omnes
1320 3331 1646 3399 histriones,
1686 3330 1781 3386 sed
1818 3337 2031 3385 tantum
2069 3346 2162 3386 eos
2183 3372 2197 3398 ,
2228 3330 2423 3399 quibus
2460 3334 2618 3385 erant

333 3423 624 3491 impositae
661 3437 1022 3491 personarum
1056 3423 1444 3492 principalium
1491 3432 1681 3492 partes
1698 3466 1713 3491 ‚
1768 3424 2042 3491 cingulum
2091 3430 2364 3491 gestasse,
2418 3421 2621 3477 refuta-

335 3523 428 3571 tur
465 3515 715 3570 omnibus
754 3516 891 3570 artis
927 3517 1315 3584 monumenti8‚
1373 3533 1511 3585 quae
1548 3517 1620 3572 ad
1657 3533 1772 3572 rem
1808 3518 2114 3572 scaenicam
2152 3522 2419 3585 spectant.
2517 3516 2620 3570 Im-

342 3607 535 3676 primis
575 3605 640 3661 cf.
680 3607 883 3675 Wies.‚
941 3608 1008 3662 D.
1051 3608 1101 3662 d.
1147 3608 1207 3661 B.
1244 3609 1340 3676 IX,
1378 3612 1426 3663 2.
1484 3611 1621 3662 Anz.
1674 3608 1710 3662 f.
1769 3609 2025 3662 Schweiz.
2084 3608 2279 3663 Gesch.
2337 3624 2388 3661 u.
2443 3608 2624 3663 Alter-

332 3698 570 3753 thumsk.
616 3701 770 3766 1865,
808 3698 928 3755 Taf.
968 3700 1011 3754 Ι.
1053 3699 1256 3770 (Ceter.
1295 3700 1363 3754 cf.
1403 3701 1657 3755 Strabon.
1700 3701 1795 3766 XI,
1827 3703 1891 3753 12
1930 3700 2048 3759 τούς
2082 3704 2272 3766 βαθεῖς
2298 3703 2530 3770 χιτῶνας
2553 3729 2617 3739 -

331 3794 389 3846 ἐν
424 3797 537 3853 ταῖς
573 3792 928 3862 τραγῳδίαις,
965 3792 1059 3846 καὶ
1097 3793 1389 3855 ζωννύουσι
1423 3794 1547 3863 περὶ
1584 3795 1644 3847 τὰ
1679 3792 1877 3862 στήθη).
1951 3792 2264 3846 Verisimile
2303 3799 2483 3846 autem
2521 3798 2622 3859 est,

331 3893 584 3941 ornatum
622 3885 784 3940 huius
824 3886 1027 3956 cinguli
1068 3886 1344 3942 diversum
1382 3885 1552 3942 fuisse
1609 3885 1903 3940 secundum
1938 3891 2154 3954 partes,
2217 3901 2351 3952 quas
2401 3886 2623 3940 histrio-

328 3995 424 4034 nes
465 3979 716 4048 agebant.
813 3979 899 4034 Ita
937 3980 1137 4035 Pollux
1186 3980 1361 4034 tradit
1397 3980 1674 4034 Bacchum
1734 3978 1951 4047 cingulo
1990 3977 2274 4046 splendide
2311 3984 2507 4032 ornato
2543 3978 2623 4031 in-

324 4071 514 4126 dutum
567 4071 818 4139 prodisse
872 4071 988 4141 (IV,
1049 4072 1150 4127 117
1223 4072 1611 4142 μαοχαλιοτῆρι
1674 4071 1925 4142 ἀνθινῷ).
2026 4070 2310 4137 Cingulum
2384 4069 2623 4124 fortasse

327 4161 688 4219 fimbricatum
724 4165 930 4218 Atossa
967 4164 1221 4232 gestabat
1259 4165 1316 4217 in
1352 4164 1548 4219 Aesch.
1591 4164 1794 4219 Persis».
1870 4161 2118 4216 Adnotat
2157 4161 2300 4215 enim
2338 4162 2508 4216 schol.
2548 4160 2619 4215 ad

329 4270 406 4309 vs.
449 4257 549 4311 155
585 4257 894 4325 βαθύζωνοι
932 4256 990 4309 δὲ
1027 4258 1086 4309 αἱ
1121 4257 1413 4325 Περσίδες)
1464 4256 1555 4309 διὰ
1591 4257 1647 4309 rc)
1689 4253 1964 4325 κροκωτὰς
2001 4254 2328 4325 (κροσσωῐοὶς
2373 4255 2490 4309 sine
2527 4254 2621 4309 du-

330 4347 422 4402 bio
460 4356 608 4403 recte
646 4350 788 4405 coni.
824 4349 1075 4419 Wiesel.)
1114 4352 1285 4412 ζώνας
1319 4352 1477 4420 ἔχειν.

476 4438 533 4507 3)
570 4438 831 4493 Philostr.
870 4440 1001 4494 Vita
1055 4441 1311 4509 Apollon.
1349 4440 1474 4507 VH,
1513 4441 1546 4493 5
1586 4454 1638 4506 p.
1679 4440 1802 4504 283,
1861 4435 1932 4489 cf.
1969 4436 2259 4503 Welcker,
2321 4434 2413 4489 Gr.
2451 4434 2614 4503 Trag.

326 4547 379 4599 p.
423 4532 574 4586 1314.
