<?xml version="1.0" encoding="UTF-8"?>
<!DOCTYPE html PUBLIC "-//W3C//DTD XHTML 1.0 Transitional//EN"
    "http://www.w3.org/TR/xhtml1/DTD/xhtml1-transitional.dtd">
<html xmlns="http://www.w3.org/1999/xhtml" xml:lang="en" lang="en">
 <head>
  <title>
</title>
<meta http-equiv="Content-Type" content="text/html;charset=utf-8" />
  <meta name='ocr-system' content='tesseract 3.04.00' />
  <meta name='ocr-capabilities' content='ocr_page ocr_carea ocr_par ocr_line ocrx_word'/>
</head>
<body>
  <div class='ocr_page' id='page_1' title='image "./detragicorumhis00diergoog_0017.png"; bbox 0 0 3125 5000; ppageno 0'>
   <div class='ocr_carea' id='block_1_1' title="bbox 1211 322 1639 386">
    <p class='ocr_par' dir='ltr' id='par_1_1' title="bbox 1211 322 1639 386">
     <span class='ocr_line' id='line_1_1' title="bbox 1211 322 1639 386; baseline -0.005 -16"><span class='ocrx_word' id='word_1_1' title='bbox 1211 322 1639 386; x_wconf 73' lang='lat'>-13-</span> 
     </span>
    </p>
   </div>
   <div class='ocr_carea' id='block_1_2' title="bbox 284 491 2686 3497">
    <p class='ocr_par' dir='ltr' id='par_1_2' title="bbox 284 491 2584 1227">
     <span class='ocr_line' id='line_1_2' title="bbox 284 491 2579 581; baseline 0 -22"><span class='ocrx_word' id='word_1_2' title='bbox 284 505 647 573; x_wconf 75' lang='grc' dir='ltr'><strong><em>γυναικεῖον</em></strong></span> <span class='ocrx_word' id='word_1_3' title='bbox 691 497 1046 577; x_wconf 79' lang='grc' dir='ltr'><strong><em>πρόσωπον</em></strong></span> <span class='ocrx_word' id='word_1_4' title='bbox 1090 492 1418 575; x_wconf 76' lang='grc' dir='ltr'><strong><em>εἰσήγαγεν</em></strong></span> <span class='ocrx_word' id='word_1_5' title='bbox 1462 493 1532 554; x_wconf 73' lang='grc' dir='ltr'>ἓν</span> <span class='ocrx_word' id='word_1_6' title='bbox 1580 495 1652 581; x_wconf 80' lang='grc' dir='ltr'>τῇ</span> <span class='ocrx_word' id='word_1_7' title='bbox 1698 494 1892 580; x_wconf 81' lang='grc' dir='ltr'><strong><em>σκηνῇ</em></strong></span> <span class='ocrx_word' id='word_1_8' title='bbox 1939 512 2037 556; x_wconf 90' lang='lat' dir='ltr'>me</span> <span class='ocrx_word' id='word_1_9' title='bbox 2067 491 2324 575; x_wconf 86' lang='lat' dir='ltr'>quidem</span> <span class='ocrx_word' id='word_1_10' title='bbox 2369 491 2579 559; x_wconf 80' lang='lat' dir='ltr'>iudice</span> 
     </span>
     <span class='ocr_line' id='line_1_3' title="bbox 284 599 2579 686; baseline -0.001 -18"><span class='ocrx_word' id='word_1_11' title='bbox 284 603 405 670; x_wconf 91' lang='lat' dir='ltr'>hoc</span> <span class='ocrx_word' id='word_1_12' title='bbox 451 623 700 670; x_wconf 92' lang='lat' dir='ltr'>summa</span> <span class='ocrx_word' id='word_1_13' title='bbox 760 601 1052 668; x_wconf 86' lang='lat' dir='ltr'>veritatis</span> <span class='ocrx_word' id='word_1_14' title='bbox 1115 600 1330 686; x_wconf 91' lang='lat' dir='ltr'>specie</span> <span class='ocrx_word' id='word_1_15' title='bbox 1376 600 1462 665; x_wconf 88' lang='lat' dir='ltr'>ad</span> <span class='ocrx_word' id='word_1_16' title='bbox 1507 599 1997 683; x_wconf 86' lang='lat' dir='ltr'>distinguendas</span> <span class='ocrx_word' id='word_1_17' title='bbox 2063 619 2371 684; x_wconf 81' lang='lat' dir='ltr'>personas</span> <span class='ocrx_word' id='word_1_18' title='bbox 2415 601 2579 666; x_wconf 87' lang='lat' dir='ltr'>viro-</span> 
     </span>
     <span class='ocr_line' id='line_1_4' title="bbox 295 707 2582 794; baseline -0.001 -18"><span class='ocrx_word' id='word_1_19' title='bbox 295 732 432 776; x_wconf 89' lang='lat' dir='ltr'>rum</span> <span class='ocrx_word' id='word_1_20' title='bbox 497 719 560 776; x_wconf 90' lang='lat' dir='ltr'>et</span> <span class='ocrx_word' id='word_1_21' title='bbox 617 711 998 775; x_wconf 86' lang='lat' dir='ltr'>feminarum</span> <span class='ocrx_word' id='word_1_22' title='bbox 1061 708 1331 774; x_wconf 85' lang='lat' dir='ltr'>refertur</span> <span class='ocrx_word' id='word_1_23' title='bbox 1350 708 1420 794; x_wconf 84' lang='lat'>¹).</span> <span class='ocrx_word' id='word_1_24' title='bbox 1507 709 1673 774; x_wconf 85' lang='lat' dir='ltr'>Nam</span> <span class='ocrx_word' id='word_1_25' title='bbox 1736 707 2115 772; x_wconf 85' lang='lat' dir='ltr'>feminarum</span> <span class='ocrx_word' id='word_1_26' title='bbox 2159 716 2375 793; x_wconf 88' lang='lat' dir='ltr'>partes</span> <span class='ocrx_word' id='word_1_27' title='bbox 2443 709 2582 775; x_wconf 90' lang='lat' dir='ltr'>sine</span> 
     </span>
     <span class='ocr_line' id='line_1_5' title="bbox 288 815 2577 901; baseline -0.001 -17"><span class='ocrx_word' id='word_1_28' title='bbox 288 819 482 885; x_wconf 88' lang='lat' dir='ltr'>dubio</span> <span class='ocrx_word' id='word_1_29' title='bbox 551 820 681 883; x_wconf 90' lang='lat' dir='ltr'>iam</span> <span class='ocrx_word' id='word_1_30' title='bbox 748 825 943 883; x_wconf 91' lang='lat' dir='ltr'>antea</span> <span class='ocrx_word' id='word_1_31' title='bbox 1002 819 1070 882; x_wconf 94' lang='lat' dir='ltr'>in</span> <span class='ocrx_word' id='word_1_32' title='bbox 1114 838 1419 882; x_wconf 80' lang='lat' dir='ltr'>scaenam</span> <span class='ocrx_word' id='word_1_33' title='bbox 1477 815 1913 901; x_wconf 83' lang='lat' dir='ltr'>produxerant</span> <span class='ocrx_word' id='word_1_34' title='bbox 1959 824 2220 900; x_wconf 67' lang='lat' dir='ltr'>poetae,</span> <span class='ocrx_word' id='word_1_35' title='bbox 2289 819 2403 882; x_wconf 91' lang='lat' dir='ltr'>sed</span> <span class='ocrx_word' id='word_1_36' title='bbox 2448 839 2577 883; x_wconf 91' lang='lat' dir='ltr'>non</span> 
     </span>
     <span class='ocr_line' id='line_1_6' title="bbox 290 923 2584 1011; baseline -0.001 -19"><span class='ocrx_word' id='word_1_37' title='bbox 290 947 627 1011; x_wconf 86' lang='lat' dir='ltr'>personam</span> <span class='ocrx_word' id='word_1_38' title='bbox 705 927 1083 992; x_wconf 86' lang='lat' dir='ltr'>muliebrem</span> <span class='ocrx_word' id='word_1_39' title='bbox 1161 947 1202 990; x_wconf 88' lang='lat' dir='ltr'>a</span> <span class='ocrx_word' id='word_1_40' title='bbox 1287 925 1458 990; x_wconf 89' lang='lat' dir='ltr'>virili</span> <span class='ocrx_word' id='word_1_41' title='bbox 1543 924 1908 989; x_wconf 87' lang='lat' dir='ltr'>distinctam</span> <span class='ocrx_word' id='word_1_42' title='bbox 1924 923 1994 1010; x_wconf 75' lang='lat'>2).</span> <span class='ocrx_word' id='word_1_43' title='bbox 2082 924 2266 1002; x_wconf 82' lang='lat' dir='ltr'>Quod</span> <span class='ocrx_word' id='word_1_44' title='bbox 2343 924 2584 990; x_wconf 80' lang='lat' dir='ltr'>factum</span> 
     </span>
     <span class='ocr_line' id='line_1_7' title="bbox 297 1033 2581 1119; baseline -0 -18"><span class='ocrx_word' id='word_1_45' title='bbox 297 1055 440 1101; x_wconf 88' lang='lat' dir='ltr'>esse</span> <span class='ocrx_word' id='word_1_46' title='bbox 505 1042 658 1119; x_wconf 92' lang='lat' dir='ltr'>puto</span> <span class='ocrx_word' id='word_1_47' title='bbox 720 1055 843 1118; x_wconf 92' lang='lat' dir='ltr'>quo</span> <span class='ocrx_word' id='word_1_48' title='bbox 901 1041 1188 1118; x_wconf 91' lang='lat' dir='ltr'>tempore</span> <span class='ocrx_word' id='word_1_49' title='bbox 1251 1034 1568 1100; x_wconf 84' lang='lat' dir='ltr'>Eumarus</span> <span class='ocrx_word' id='word_1_50' title='bbox 1627 1033 1868 1118; x_wconf 90' lang='lat' dir='ltr'>primus</span> <span class='ocrx_word' id='word_1_51' title='bbox 1942 1052 2181 1115; x_wconf 90' lang='lat' dir='ltr'>genera</span> <span class='ocrx_word' id='word_1_52' title='bbox 2256 1033 2581 1100; x_wconf 90' lang='lat' dir='ltr'>hominum</span> 
     </span>
     <span class='ocr_line' id='line_1_8' title="bbox 293 1140 1538 1227; baseline -0.001 -19"><span class='ocrx_word' id='word_1_53' title='bbox 293 1141 362 1208; x_wconf 90' lang='lat' dir='ltr'>in</span> <span class='ocrx_word' id='word_1_54' title='bbox 405 1143 669 1227; x_wconf 90' lang='lat' dir='ltr'>picturis</span> <span class='ocrx_word' id='word_1_55' title='bbox 714 1140 847 1208; x_wconf 92' lang='lat' dir='ltr'>suis</span> <span class='ocrx_word' id='word_1_56' title='bbox 894 1143 1274 1208; x_wconf 83' lang='lat' dir='ltr'>discrevisse</span> <span class='ocrx_word' id='word_1_57' title='bbox 1319 1142 1538 1208; x_wconf 86' lang='lat' dir='ltr'>fertur.</span> 
     </span>
    </p>

    <p class='ocr_par' dir='ltr' id='par_1_3' title="bbox 287 1249 2594 2301">
     <span class='ocr_line' id='line_1_9' title="bbox 462 1249 2582 1335; baseline 0 -20"><span class='ocrx_word' id='word_1_58' title='bbox 462 1251 768 1316; x_wconf 88' lang='lat' dir='ltr'>Nonnulli</span> <span class='ocrx_word' id='word_1_59' title='bbox 846 1251 1186 1335; x_wconf 82' lang='lat' dir='ltr'>scriptores</span> <span class='ocrx_word' id='word_1_60' title='bbox 1274 1252 1471 1315; x_wconf 87' lang='lat' dir='ltr'>etiam</span> <span class='ocrx_word' id='word_1_61' title='bbox 1531 1249 1896 1316; x_wconf 84' lang='lat' dir='ltr'>Choerilum</span> <span class='ocrx_word' id='word_1_62' title='bbox 1942 1287 2027 1296; x_wconf 91' lang='lat'>-—-</span> <span class='ocrx_word' id='word_1_63' title='bbox 2077 1256 2147 1314; x_wconf 96' lang='lat' dir='ltr'>ut</span> <span class='ocrx_word' id='word_1_64' title='bbox 2201 1249 2397 1314; x_wconf 86' lang='lat' dir='ltr'>tradit</span> <span class='ocrx_word' id='word_1_65' title='bbox 2440 1252 2582 1317; x_wconf 87' lang='lat' dir='ltr'>Sui—</span> 
     </span>
     <span class='ocr_line' id='line_1_10' title="bbox 291 1353 2584 1440; baseline -0.001 -19"><span class='ocrx_word' id='word_1_66' title='bbox 291 1357 408 1421; x_wconf 91' lang='lat' dir='ltr'>das</span> <span class='ocrx_word' id='word_1_67' title='bbox 457 1393 534 1404; x_wconf 93' lang='lat'>--</span> <span class='ocrx_word' id='word_1_68' title='bbox 581 1375 891 1440; x_wconf 88' lang='lat' dir='ltr'>personas</span> <span class='ocrx_word' id='word_1_69' title='bbox 936 1356 1351 1437; x_wconf 90' lang='lat' dir='ltr'>habitumque</span> <span class='ocrx_word' id='word_1_70' title='bbox 1398 1354 1777 1420; x_wconf 88' lang='lat' dir='ltr'>histrionum</span> <span class='ocrx_word' id='word_1_71' title='bbox 1814 1354 2139 1419; x_wconf 90' lang='lat' dir='ltr'>meliorem</span> <span class='ocrx_word' id='word_1_72' title='bbox 2162 1353 2393 1420; x_wconf 89' lang='lat' dir='ltr'>fecisse</span> <span class='ocrx_word' id='word_1_73' title='bbox 2438 1376 2584 1420; x_wconf 92' lang='lat' dir='ltr'>con-</span> 
     </span>
     <span class='ocr_line' id='line_1_11' title="bbox 289 1463 2582 1551; baseline -0.002 -22"><span class='ocrx_word' id='word_1_74' title='bbox 289 1464 632 1530; x_wconf 84' lang='lat' dir='ltr'>tenderunt</span> <span class='ocrx_word' id='word_1_75' title='bbox 705 1463 1064 1547; x_wconf 80' lang='grc' dir='ltr'><strong><em>(Χοιρίλος·</em></strong></span> <span class='ocrx_word' id='word_1_76' title='bbox 1129 1464 1291 1524; x_wconf 84' lang='grc' dir='ltr'>κατοὶ</span> <span class='ocrx_word' id='word_1_77' title='bbox 1362 1483 1537 1533; x_wconf 85' lang='grc' dir='ltr'><strong><em>τινας</em></strong></span> <span class='ocrx_word' id='word_1_78' title='bbox 1619 1471 1747 1534; x_wconf 75' lang='grc' dir='ltr'><strong><em>τοῖς</em></strong></span> <span class='ocrx_word' id='word_1_79' title='bbox 1823 1465 2244 1541; x_wconf 76' lang='grc' dir='ltr'><strong><em>προσωπείοις</em></strong></span> <span class='ocrx_word' id='word_1_80' title='bbox 2334 1466 2440 1522; x_wconf 76' lang='grc' dir='ltr'>καὶ</span> <span class='ocrx_word' id='word_1_81' title='bbox 2510 1472 2582 1551; x_wconf 76' lang='grc' dir='ltr'>τῇ</span> 
     </span>
     <span class='ocr_line' id='line_1_12' title="bbox 295 1569 2587 1661; baseline 0.001 -26"><span class='ocrx_word' id='word_1_82' title='bbox 295 1575 484 1661; x_wconf 79' lang='grc' dir='ltr'><strong><em>σκευῇ</em></strong></span> <span class='ocrx_word' id='word_1_83' title='bbox 505 1575 630 1635; x_wconf 78' lang='grc' dir='ltr'>τῶν</span> <span class='ocrx_word' id='word_1_84' title='bbox 654 1571 894 1634; x_wconf 78' lang='grc' dir='ltr'><strong><em>στολῶν</em></strong></span> <span class='ocrx_word' id='word_1_85' title='bbox 917 1569 1360 1655; x_wconf 73' lang='grc' dir='ltr'><strong><em>ἐπεχείρησεν).</em></strong></span> <span class='ocrx_word' id='word_1_86' title='bbox 1452 1570 1725 1653; x_wconf 83' lang='lat' dir='ltr'>Thespis</span> <span class='ocrx_word' id='word_1_87' title='bbox 1766 1590 1914 1635; x_wconf 91' lang='lat' dir='ltr'>vero</span> <span class='ocrx_word' id='word_1_88' title='bbox 1941 1590 2121 1634; x_wconf 89' lang='lat' dir='ltr'>usum</span> <span class='ocrx_word' id='word_1_89' title='bbox 2143 1571 2348 1654; x_wconf 90' lang='lat' dir='ltr'>ipsum</span> <span class='ocrx_word' id='word_1_90' title='bbox 2375 1591 2587 1656; x_wconf 85' lang='lat' dir='ltr'>perso-</span> 
     </span>
     <span class='ocr_line' id='line_1_13' title="bbox 292 1676 2587 1767; baseline -0 -22"><span class='ocrx_word' id='word_1_91' title='bbox 292 1700 553 1762; x_wconf 91' lang='lat' dir='ltr'>narum,</span> <span class='ocrx_word' id='word_1_92' title='bbox 597 1698 763 1761; x_wconf 91' lang='lat' dir='ltr'>quae</span> <span class='ocrx_word' id='word_1_93' title='bbox 810 1698 845 1743; x_wconf 93' lang='lat' dir='ltr'>e</span> <span class='ocrx_word' id='word_1_94' title='bbox 888 1678 1084 1743; x_wconf 90' lang='lat' dir='ltr'>linteo</span> <span class='ocrx_word' id='word_1_95' title='bbox 1131 1678 1291 1767; x_wconf 20' lang='lat' dir='ltr'>solo.</span> <span class='ocrx_word' id='word_1_96' title='bbox 1314 1677 1537 1764; x_wconf 63' lang='lat' dir='ltr'>factae⁴</span> <span class='ocrx_word' id='word_1_97' title='bbox 1589 1684 1790 1761; x_wconf 83' lang='lat' dir='ltr'>erant,</span> <span class='ocrx_word' id='word_1_98' title='bbox 1835 1678 2128 1742; x_wconf 89' lang='lat' dir='ltr'>intulisse</span> <span class='ocrx_word' id='word_1_99' title='bbox 2170 1676 2368 1743; x_wconf 84' lang='lat' dir='ltr'>fertur</span> <span class='ocrx_word' id='word_1_100' title='bbox 2416 1680 2587 1763; x_wconf 87' lang='lat' dir='ltr'>(Sui-</span> 
     </span>
     <span class='ocr_line' id='line_1_14' title="bbox 287 1783 2588 1876; baseline -0.001 -23"><span class='ocrx_word' id='word_1_101' title='bbox 287 1788 404 1853; x_wconf 87' lang='lat' dir='ltr'>das</span> <span class='ocrx_word' id='word_1_102' title='bbox 452 1836 468 1851; x_wconf 93' lang='lat'>.</span> <span class='ocrx_word' id='word_1_103' title='bbox 512 1835 528 1850; x_wconf 93' lang='lat'>.</span> <span class='ocrx_word' id='word_1_104' title='bbox 573 1834 589 1850; x_wconf 95' lang='lat'>.</span> <span class='ocrx_word' id='word_1_105' title='bbox 634 1783 952 1868; x_wconf 76' lang='grc' dir='ltr'><strong><em>εἰσήνεγκε</em></strong></span> <span class='ocrx_word' id='word_1_106' title='bbox 1042 1788 1148 1846; x_wconf 82' lang='grc' dir='ltr'>καὶ</span> <span class='ocrx_word' id='word_1_107' title='bbox 1208 1786 1317 1866; x_wconf 78' lang='grc' dir='ltr'>τὴν</span> <span class='ocrx_word' id='word_1_108' title='bbox 1377 1788 1506 1863; x_wconf 70' lang='grc' dir='ltr'>τῶν</span> <span class='ocrx_word' id='word_1_109' title='bbox 1570 1787 1987 1867; x_wconf 81' lang='grc' dir='ltr'><strong><em>προσωπείων</em></strong></span> <span class='ocrx_word' id='word_1_110' title='bbox 2029 1792 2249 1868; x_wconf 82' lang='grc' dir='ltr'><strong><em>χρῆσιν</em></strong></span> <span class='ocrx_word' id='word_1_111' title='bbox 2292 1786 2364 1848; x_wconf 74' lang='grc' dir='ltr'>ἓν</span> <span class='ocrx_word' id='word_1_112' title='bbox 2420 1788 2588 1876; x_wconf 79' lang='grc' dir='ltr'><strong><em>μόνῃ</em></strong></span> 
     </span>
     <span class='ocr_line' id='line_1_15' title="bbox 297 1891 2594 1980; baseline 0.002 -23"><span class='ocrx_word' id='word_1_113' title='bbox 297 1893 513 1979; x_wconf 74' lang='grc' dir='ltr'><strong><em>ὀθόνῃ</em></strong></span> <span class='ocrx_word' id='word_1_114' title='bbox 574 1891 1095 1971; x_wconf 71' lang='grc' dir='ltr'><strong><em>κατασκευάσας).</em></strong></span> <span class='ocrx_word' id='word_1_115' title='bbox 1188 1895 1397 1959; x_wconf 84' lang='lat' dir='ltr'>Antea</span> <span class='ocrx_word' id='word_1_116' title='bbox 1482 1914 1554 1959; x_wconf 90' lang='lat' dir='ltr'>os</span> <span class='ocrx_word' id='word_1_117' title='bbox 1617 1892 1789 1958; x_wconf 84' lang='lat' dir='ltr'>foliis</span> <span class='ocrx_word' id='word_1_118' title='bbox 1854 1893 2418 1959; x_wconf 88' lang='lat' dir='ltr'>circumvelaverat</span> <span class='ocrx_word' id='word_1_119' title='bbox 2478 1896 2594 1980; x_wconf 92' lang='lat' dir='ltr'>(ib.</span> 
     </span>
     <span class='ocr_line' id='line_1_16' title="bbox 292 1999 2591 2086; baseline 0.003 -24"><span class='ocrx_word' id='word_1_120' title='bbox 292 1999 626 2084; x_wconf 73' lang='grc' dir='ltr'>ἀνδράχνῃ</span> <span class='ocrx_word' id='word_1_121' title='bbox 666 2000 1039 2063; x_wconf 75' lang='grc' dir='ltr'><strong><em>’ἕσκέπασεν</em></strong></span> <span class='ocrx_word' id='word_1_122' title='bbox 1128 2000 1200 2064; x_wconf 74' lang='grc' dir='ltr'>ἒν</span> <span class='ocrx_word' id='word_1_123' title='bbox 1263 2005 1349 2086; x_wconf 79' lang='grc' dir='ltr'>τῷ</span> <span class='ocrx_word' id='word_1_124' title='bbox 1415 2000 1963 2084; x_wconf 72' lang='grc' dir='ltr'><strong><em>ἐπιδείκνυσθαι),</em></strong></span> <span class='ocrx_word' id='word_1_125' title='bbox 2025 2002 2209 2067; x_wconf 86' lang='lat' dir='ltr'>initio</span> <span class='ocrx_word' id='word_1_126' title='bbox 2269 2005 2591 2070; x_wconf 80' lang='lat' dir='ltr'>coloribus</span> 
     </span>
     <span class='ocr_line' id='line_1_17' title="bbox 293 2095 2594 2195; baseline 0 -22"><span class='ocrx_word' id='word_1_127' title='bbox 293 2114 540 2173; x_wconf 81' lang='lat' dir='ltr'>tantum</span> <span class='ocrx_word' id='word_1_128' title='bbox 593 2108 910 2173; x_wconf 79' lang='lat' dir='ltr'>imbuerat</span> <span class='ocrx_word' id='word_1_129' title='bbox 955 2109 1065 2193; x_wconf 80' lang='lat' dir='ltr'>(ib.</span> <span class='ocrx_word' id='word_1_130' title='bbox 1116 2110 1393 2181; x_wconf 79' lang='grc' dir='ltr'><strong><em>Θέσπις·</em></strong></span> <span class='ocrx_word' id='word_1_131' title='bbox 1460 2112 1567 2169; x_wconf 77' lang='grc' dir='ltr'>καὶ</span> <span class='ocrx_word' id='word_1_132' title='bbox 1611 2112 1862 2188; x_wconf 78' lang='grc' dir='ltr'><strong><em>πρῶτον</em></strong></span> <span class='ocrx_word' id='word_1_133' title='bbox 1904 2111 2024 2189; x_wconf 77' lang='grc' dir='ltr'>μὲν</span> <span class='ocrx_word' id='word_1_134' title='bbox 2067 2095 2284 2189; x_wconf 61' lang='grc' dir='ltr'><strong><em>χρίσας</em></strong></span> <span class='ocrx_word' id='word_1_135' title='bbox 2327 2113 2395 2172; x_wconf 81' lang='grc' dir='ltr'>τὸ</span> <span class='ocrx_word' id='word_1_136' title='bbox 2442 2112 2594 2195; x_wconf 84' lang='grc' dir='ltr'><strong><em>πρό-</em></strong></span> 
     </span>
     <span class='ocr_line' id='line_1_18' title="bbox 293 2214 1544 2301; baseline 0 -23"><span class='ocrx_word' id='word_1_137' title='bbox 293 2230 513 2291; x_wconf 84' lang='grc' dir='ltr'><strong><em>σωπον</em></strong></span> <span class='ocrx_word' id='word_1_138' title='bbox 560 2217 864 2301; x_wconf 72' lang='grc' dir='ltr'><strong><em>ψιμυθίῳ</em></strong></span> <span class='ocrx_word' id='word_1_139' title='bbox 918 2214 1351 2298; x_wconf 71' lang='grc' dir='ltr'><strong><em>ἐτραγῴδησεν</em></strong></span> <span class='ocrx_word' id='word_1_140' title='bbox 1394 2214 1544 2299; x_wconf 76' lang='grc' dir='ltr'>κτὲ).</span> 
     </span>
    </p>

    <p class='ocr_par' dir='ltr' id='par_1_4' title="bbox 292 2322 2599 2732">
     <span class='ocr_line' id='line_1_19' title="bbox 469 2322 2593 2409; baseline 0.002 -23"><span class='ocrx_word' id='word_1_141' title='bbox 469 2322 753 2406; x_wconf 87' lang='lat' dir='ltr'>Thespin</span> <span class='ocrx_word' id='word_1_142' title='bbox 831 2323 1036 2406; x_wconf 90' lang='lat' dir='ltr'>primo</span> <span class='ocrx_word' id='word_1_143' title='bbox 1105 2343 1176 2388; x_wconf 91' lang='lat' dir='ltr'>os</span> <span class='ocrx_word' id='word_1_144' title='bbox 1238 2322 1530 2405; x_wconf 86' lang='lat' dir='ltr'>unxisse,</span> <span class='ocrx_word' id='word_1_145' title='bbox 1601 2322 1793 2387; x_wconf 90' lang='lat' dir='ltr'>etiam</span> <span class='ocrx_word' id='word_1_146' title='bbox 1858 2322 1942 2386; x_wconf 86' lang='lat' dir='ltr'>ab</span> <span class='ocrx_word' id='word_1_147' title='bbox 1988 2322 2135 2387; x_wconf 86' lang='lat' dir='ltr'>aliis</span> <span class='ocrx_word' id='word_1_148' title='bbox 2178 2324 2593 2409; x_wconf 87' lang='lat' dir='ltr'>scriptoribus</span> 
     </span>
     <span class='ocr_line' id='line_1_20' title="bbox 292 2428 2599 2515; baseline 0.003 -21"><span class='ocrx_word' id='word_1_149' title='bbox 292 2428 566 2495; x_wconf 86' lang='lat' dir='ltr'>traditur</span> <span class='ocrx_word' id='word_1_150' title='bbox 616 2431 794 2514; x_wconf 91' lang='lat' dir='ltr'>(Hor.</span> <span class='ocrx_word' id='word_1_151' title='bbox 829 2432 951 2495; x_wconf 92' lang='lat' dir='ltr'>Ars</span> <span class='ocrx_word' id='word_1_152' title='bbox 988 2435 1152 2515; x_wconf 91' lang='lat' dir='ltr'>poet.</span> <span class='ocrx_word' id='word_1_153' title='bbox 1197 2431 1275 2494; x_wconf 82' lang='grc'>27</span> <span class='ocrx_word' id='word_1_154' title='bbox 1284 2431 1319 2494; x_wconf 86' lang='grc'>7</span> <span class='ocrx_word' id='word_1_155' title='bbox 1349 2480 1362 2494; x_wconf 90' lang='lat'>.</span> <span class='ocrx_word' id='word_1_156' title='bbox 1391 2431 1739 2515; x_wconf 90' lang='lat' dir='ltr'>.‘peruncti</span> <span class='ocrx_word' id='word_1_157' title='bbox 1766 2429 2054 2496; x_wconf 84' lang='lat' dir='ltr'>faecibus</span> <span class='ocrx_word' id='word_1_158' title='bbox 2080 2432 2231 2495; x_wconf 88' lang='lat' dir='ltr'>ora&#39;.</span> <span class='ocrx_word' id='word_1_159' title='bbox 2321 2431 2599 2503; x_wconf 86' lang='lat' dir='ltr'>Euanth.</span> 
     </span>
     <span class='ocr_line' id='line_1_21' title="bbox 299 2536 2599 2622; baseline 0.003 -22"><span class='ocrx_word' id='word_1_160' title='bbox 299 2537 380 2602; x_wconf 89' lang='lat' dir='ltr'>de</span> <span class='ocrx_word' id='word_1_161' title='bbox 425 2542 590 2620; x_wconf 86' lang='lat' dir='ltr'>trag.</span> <span class='ocrx_word' id='word_1_162' title='bbox 649 2544 714 2602; x_wconf 89' lang='lat' dir='ltr'>et</span> <span class='ocrx_word' id='word_1_163' title='bbox 776 2558 962 2604; x_wconf 89' lang='lat' dir='ltr'>com.:</span> <span class='ocrx_word' id='word_1_164' title='bbox 1009 2539 1142 2602; x_wconf 89' lang='lat' dir='ltr'>‘ora</span> <span class='ocrx_word' id='word_1_165' title='bbox 1186 2558 1307 2603; x_wconf 87' lang='lat' dir='ltr'>sua</span> <span class='ocrx_word' id='word_1_166' title='bbox 1349 2536 1636 2603; x_wconf 87' lang='lat' dir='ltr'>faecibus</span> <span class='ocrx_word' id='word_1_167' title='bbox 1682 2538 2085 2622; x_wconf 88' lang='lat' dir='ltr'>perlinebant</span> <span class='ocrx_word' id='word_1_168' title='bbox 2127 2539 2404 2604; x_wconf 88' lang='lat' dir='ltr'>scaenici</span> <span class='ocrx_word' id='word_1_169' title='bbox 2447 2548 2599 2608; x_wconf 90' lang='lat' dir='ltr'>ante</span> 
     </span>
     <span class='ocr_line' id='line_1_22' title="bbox 300 2645 1865 2732; baseline 0.001 -23"><span class='ocrx_word' id='word_1_170' title='bbox 300 2665 482 2711; x_wconf 89' lang='lat' dir='ltr'>usum</span> <span class='ocrx_word' id='word_1_171' title='bbox 528 2665 941 2730; x_wconf 89' lang='lat' dir='ltr'>personarum</span> <span class='ocrx_word' id='word_1_172' title='bbox 986 2646 1071 2710; x_wconf 89' lang='lat' dir='ltr'>ab</span> <span class='ocrx_word' id='word_1_173' title='bbox 1117 2645 1438 2729; x_wconf 82' lang='lat' dir='ltr'>Aeschylo</span> <span class='ocrx_word' id='word_1_174' title='bbox 1481 2646 1865 2732; x_wconf 89' lang='lat' dir='ltr'>repertum&#39;).</span> 
     </span>
    </p>

    <p class='ocr_par' dir='ltr' id='par_1_5' title="bbox 300 2753 2686 3497">
     <span class='ocr_line' id='line_1_23' title="bbox 467 2753 2598 2839; baseline 0.004 -23"><span class='ocrx_word' id='word_1_175' title='bbox 467 2753 607 2817; x_wconf 89' lang='lat' dir='ltr'>lam</span> <span class='ocrx_word' id='word_1_176' title='bbox 650 2774 765 2838; x_wconf 90' lang='lat' dir='ltr'>per</span> <span class='ocrx_word' id='word_1_177' title='bbox 822 2773 892 2819; x_wconf 89' lang='lat' dir='ltr'>se</span> <span class='ocrx_word' id='word_1_178' title='bbox 954 2753 1167 2837; x_wconf 83' lang='lat' dir='ltr'>ipsum</span> <span class='ocrx_word' id='word_1_179' title='bbox 1209 2754 1550 2838; x_wconf 86' lang='lat' dir='ltr'>probabile</span> <span class='ocrx_word' id='word_1_180' title='bbox 1596 2761 1694 2819; x_wconf 91' lang='lat' dir='ltr'>est</span> <span class='ocrx_word' id='word_1_181' title='bbox 1751 2756 2033 2839; x_wconf 88' lang='lat' dir='ltr'>Thespin</span> <span class='ocrx_word' id='word_1_182' title='bbox 2081 2757 2263 2822; x_wconf 90' lang='lat' dir='ltr'>initio</span> <span class='ocrx_word' id='word_1_183' title='bbox 2307 2764 2598 2824; x_wconf 89' lang='lat' dir='ltr'>ornatum</span> 
     </span>
     <span class='ocr_line' id='line_1_24' title="bbox 303 2861 2597 2949; baseline 0.003 -24"><span class='ocrx_word' id='word_1_184' title='bbox 303 2861 614 2927; x_wconf 90' lang='lat' dir='ltr'>cultorum</span> <span class='ocrx_word' id='word_1_185' title='bbox 687 2862 926 2927; x_wconf 93' lang='lat' dir='ltr'>Bacchi</span> <span class='ocrx_word' id='word_1_186' title='bbox 990 2869 1314 2945; x_wconf 84' lang='lat' dir='ltr'>gestasse,</span> <span class='ocrx_word' id='word_1_187' title='bbox 1385 2864 1537 2946; x_wconf 89' lang='lat' dir='ltr'>quia</span> <span class='ocrx_word' id='word_1_188' title='bbox 1584 2883 1619 2928; x_wconf 91' lang='lat' dir='ltr'>e</span> <span class='ocrx_word' id='word_1_189' title='bbox 1666 2864 1835 2927; x_wconf 90' lang='lat' dir='ltr'>cultu</span> <span class='ocrx_word' id='word_1_190' title='bbox 1897 2864 2212 2930; x_wconf 90' lang='lat' dir='ltr'>Bacchico</span> <span class='ocrx_word' id='word_1_191' title='bbox 2258 2868 2597 2949; x_wconf 83' lang='lat' dir='ltr'>tragoedia</span> 
     </span>
     <span class='ocr_line' id='line_1_25' title="bbox 301 2970 2595 3056; baseline 0.004 -22"><span class='ocrx_word' id='word_1_192' title='bbox 301 2970 615 3053; x_wconf 83' lang='lat' dir='ltr'>originem</span> <span class='ocrx_word' id='word_1_193' title='bbox 649 2970 850 3037; x_wconf 86' lang='lat' dir='ltr'>duxit.</span> <span class='ocrx_word' id='word_1_194' title='bbox 947 2971 1123 3036; x_wconf 91' lang='lat' dir='ltr'>Idem</span> <span class='ocrx_word' id='word_1_195' title='bbox 1151 2971 1379 3056; x_wconf 91' lang='lat' dir='ltr'>probat</span> <span class='ocrx_word' id='word_1_196' title='bbox 1423 2972 1594 3055; x_wconf 89' lang='lat' dir='ltr'>quod</span> <span class='ocrx_word' id='word_1_197' title='bbox 1620 2971 1853 3038; x_wconf 86' lang='lat' dir='ltr'>Suidas</span> <span class='ocrx_word' id='word_1_198' title='bbox 1899 2973 2085 3038; x_wconf 92' lang='lat' dir='ltr'>nobis</span> <span class='ocrx_word' id='word_1_199' title='bbox 2130 2973 2342 3041; x_wconf 86' lang='lat' dir='ltr'>tradit.</span> <span class='ocrx_word' id='word_1_200' title='bbox 2429 2978 2595 3045; x_wconf 84' lang='lat' dir='ltr'>Nam</span> 
     </span>
     <span class='ocr_line' id='line_1_26' title="bbox 300 3076 2598 3164; baseline 0.005 -23"><span class='ocrx_word' id='word_1_201' title='bbox 300 3076 421 3143; x_wconf 85' lang='lat' dir='ltr'>fuit</span> <span class='ocrx_word' id='word_1_202' title='bbox 466 3080 660 3143; x_wconf 87' lang='lat' dir='ltr'>etiam</span> <span class='ocrx_word' id='word_1_203' title='bbox 707 3080 1114 3145; x_wconf 88' lang='lat' dir='ltr'>sacerdotum</span> <span class='ocrx_word' id='word_1_204' title='bbox 1159 3080 1558 3164; x_wconf 89' lang='lat' dir='ltr'>aliorumque</span> <span class='ocrx_word' id='word_1_205' title='bbox 1608 3081 1916 3148; x_wconf 87' lang='lat' dir='ltr'>cultorum</span> <span class='ocrx_word' id='word_1_206' title='bbox 1961 3082 2064 3146; x_wconf 88' lang='lat' dir='ltr'>dei</span> <span class='ocrx_word' id='word_1_207' title='bbox 2111 3103 2182 3148; x_wconf 92' lang='lat' dir='ltr'>os</span> <span class='ocrx_word' id='word_1_208' title='bbox 2227 3084 2400 3150; x_wconf 86' lang='lat' dir='ltr'>foliis</span> <span class='ocrx_word' id='word_1_209' title='bbox 2427 3086 2598 3151; x_wconf 89' lang='lat' dir='ltr'>simi-</span> 
     </span>
     <span class='ocr_line' id='line_1_27' title="bbox 302 3186 2596 3277; baseline 0.003 -28"><span class='ocrx_word' id='word_1_210' title='bbox 302 3186 596 3270; x_wconf 90' lang='lat' dir='ltr'>libusque</span> <span class='ocrx_word' id='word_1_211' title='bbox 683 3188 873 3253; x_wconf 91' lang='lat' dir='ltr'>rebus</span> <span class='ocrx_word' id='word_1_212' title='bbox 950 3188 1167 3253; x_wconf 88' lang='lat' dir='ltr'>velare</span> <span class='ocrx_word' id='word_1_213' title='bbox 1234 3187 1340 3274; x_wconf 86' lang='lat' dir='ltr'>(cf.</span> <span class='ocrx_word' id='word_1_214' title='bbox 1399 3189 1631 3254; x_wconf 91' lang='lat' dir='ltr'>Athen.</span> <span class='ocrx_word' id='word_1_215' title='bbox 1677 3191 1851 3274; x_wconf 89' lang='lat' dir='ltr'>XIV,</span> <span class='ocrx_word' id='word_1_216' title='bbox 1895 3212 1955 3275; x_wconf 92' lang='lat' dir='ltr'>p.</span> <span class='ocrx_word' id='word_1_217' title='bbox 2005 3192 2130 3255; x_wconf 91' lang='grc'>622</span> <span class='ocrx_word' id='word_1_218' title='bbox 2179 3192 2280 3277; x_wconf 86' lang='grc' dir='ltr'>Β.)</span> <span class='ocrx_word' id='word_1_219' title='bbox 2298 3191 2371 3275; x_wconf 75' lang='lat'>³).</span> <span class='ocrx_word' id='word_1_220' title='bbox 2460 3195 2596 3262; x_wconf 80' lang='lat' dir='ltr'>Nec</span> 
     </span>
     <span class='ocr_line' id='line_1_28' title="bbox 307 3293 2596 3381; baseline 0.006 -25"><span class='ocrx_word' id='word_1_221' title='bbox 307 3293 516 3361; x_wconf 92' lang='lat' dir='ltr'>minus</span> <span class='ocrx_word' id='word_1_222' title='bbox 591 3296 983 3362; x_wconf 89' lang='lat' dir='ltr'>consuetudo</span> <span class='ocrx_word' id='word_1_223' title='bbox 1068 3297 1196 3362; x_wconf 87' lang='lat' dir='ltr'>oris</span> <span class='ocrx_word' id='word_1_224' title='bbox 1254 3298 1654 3381; x_wconf 89' lang='lat' dir='ltr'>perungendi</span> <span class='ocrx_word' id='word_1_225' title='bbox 1713 3300 1782 3363; x_wconf 92' lang='lat' dir='ltr'>in</span> <span class='ocrx_word' id='word_1_226' title='bbox 1848 3300 2019 3364; x_wconf 89' lang='lat' dir='ltr'>cultu</span> <span class='ocrx_word' id='word_1_227' title='bbox 2088 3301 2397 3367; x_wconf 87' lang='lat' dir='ltr'>Bacchico</span> <span class='ocrx_word' id='word_1_228' title='bbox 2472 3305 2596 3369; x_wconf 91' lang='lat' dir='ltr'>usi·</span> 
     </span>
     <span class='ocr_line' id='line_1_29' title="bbox 310 3400 2686 3497; baseline 0.006 -34"><span class='ocrx_word' id='word_1_229' title='bbox 310 3400 630 3467; x_wconf 89' lang='lat' dir='ltr'>tatissima</span> <span class='ocrx_word' id='word_1_230' title='bbox 690 3402 809 3467; x_wconf 87' lang='lat' dir='ltr'>fuit</span> <span class='ocrx_word' id='word_1_231' title='bbox 853 3404 1026 3488; x_wconf 78' lang='grc' dir='ltr'><strong><em>(περὶ</em></strong></span> <span class='ocrx_word' id='word_1_232' title='bbox 1070 3404 1408 3489; x_wconf 77' lang='grc' dir='ltr'><strong><em>κωμῳδίας</em></strong></span> <span class='ocrx_word' id='word_1_233' title='bbox 1452 3407 1512 3470; x_wconf 92' lang='grc'>2.</span> <span class='ocrx_word' id='word_1_234' title='bbox 1560 3407 1802 3492; x_wconf 84' lang='lat' dir='ltr'>Bergk,</span> <span class='ocrx_word' id='word_1_235' title='bbox 1846 3407 2116 3492; x_wconf 57' lang='lat' dir='ltr'>Proleg.</span> <span class='ocrx_word' id='word_1_236' title='bbox 2144 3406 2224 3473; x_wconf 88' lang='lat' dir='ltr'>de</span> <span class='ocrx_word' id='word_1_237' title='bbox 2271 3429 2429 3476; x_wconf 91' lang='lat' dir='ltr'>com.</span> <span class='ocrx_word' id='word_1_238' title='bbox 2476 3411 2593 3497; x_wconf 83' lang='grc' dir='ltr'>ΙΙΙ,</span> <span class='ocrx_word' id='word_1_239' title='bbox 2681 3487 2686 3491; x_wconf 49' lang='grc'><em>,</em></span> 
     </span>
    </p>
   </div>
   <div class='ocr_carea' id='block_1_3' title="bbox 481 3569 713 3579">
    <p class='ocr_par' dir='ltr' id='par_1_6' title="bbox 481 3569 713 3579">
     <span class='ocr_line' id='line_1_30' title="bbox 481 3569 713 3579; baseline 0 0"><span class='ocrx_word' id='word_1_240' title='bbox 481 3569 713 3579; x_wconf 95' lang='lat' dir='ltr'> </span> 
     </span>
    </p>
   </div>
   <div class='ocr_carea' id='block_1_4' title="bbox 305 3662 2598 4018">
    <p class='ocr_par' dir='ltr' id='par_1_7' title="bbox 305 3662 2598 3925">
     <span class='ocr_line' id='line_1_31' title="bbox 451 3662 2598 3740; baseline 0.006 -23"><span class='ocrx_word' id='word_1_241' title='bbox 451 3663 505 3733; x_wconf 95' lang='grc'>1)</span> <span class='ocrx_word' id='word_1_242' title='bbox 546 3662 776 3731; x_wconf 84' lang='lat' dir='ltr'>Saepius</span> <span class='ocrx_word' id='word_1_243' title='bbox 815 3679 943 3720; x_wconf 85' lang='lat' dir='ltr'>vero</span> <span class='ocrx_word' id='word_1_244' title='bbox 980 3668 1277 3736; x_wconf 81' lang='grc' dir='ltr'><strong><em>πρόσωπον</em></strong></span> <span class='ocrx_word' id='word_1_245' title='bbox 1329 3685 1431 3737; x_wconf 90' lang='lat' dir='ltr'>pro</span> <span class='ocrx_word' id='word_1_246' title='bbox 1481 3675 1824 3740; x_wconf 77' lang='grc' dir='ltr'><strong><em>προσωπεῖον</em></strong></span> <span class='ocrx_word' id='word_1_247' title='bbox 1860 3678 2183 3739; x_wconf 85' lang='lat' dir='ltr'>usurpatum</span> <span class='ocrx_word' id='word_1_248' title='bbox 2219 3678 2332 3729; x_wconf 87' lang='lat' dir='ltr'>est:</span> <span class='ocrx_word' id='word_1_249' title='bbox 2370 3672 2598 3729; x_wconf 85' lang='lat' dir='ltr'>Lucian.</span> 
     </span>
     <span class='ocr_line' id='line_1_32' title="bbox 309 3747 2596 3837; baseline 0.006 -29"><span class='ocrx_word' id='word_1_250' title='bbox 309 3756 511 3811; x_wconf 79' lang='lat' dir='ltr'>Piscat.</span> <span class='ocrx_word' id='word_1_251' title='bbox 552 3773 599 3811; x_wconf 82' lang='lat' dir='ltr'>e.</span> <span class='ocrx_word' id='word_1_252' title='bbox 638 3747 1036 3827; x_wconf 72' lang='grc' dir='ltr'><strong><em>36’προό’ωπον</em></strong></span> <span class='ocrx_word' id='word_1_253' title='bbox 1078 3756 1211 3830; x_wconf 70' lang='grc' dir='ltr'><strong><em>ὑπὲρ</em></strong></span> <span class='ocrx_word' id='word_1_254' title='bbox 1248 3761 1482 3831; x_wconf 75' lang='grc' dir='ltr'><strong><em>κεφαλῆς</em></strong></span> <span class='ocrx_word' id='word_1_255' title='bbox 1532 3763 1965 3837; x_wconf 69' lang='grc' dir='ltr'><strong><em>ἀνατεινόμενον.</em></strong></span> <span class='ocrx_word' id='word_1_256' title='bbox 2038 3765 2269 3820; x_wconf 81' lang='lat' dir='ltr'>Aristot.</span> <span class='ocrx_word' id='word_1_257' title='bbox 2308 3765 2415 3819; x_wconf 84' lang='lat' dir='ltr'>Ars</span> <span class='ocrx_word' id='word_1_258' title='bbox 2451 3773 2596 3834; x_wconf 86' lang='lat' dir='ltr'>poet.</span> 
     </span>
     <span class='ocr_line' id='line_1_33' title="bbox 305 3850 1584 3925; baseline 0.008 -24"><span class='ocrx_word' id='word_1_259' title='bbox 305 3864 351 3904; x_wconf 91' lang='lat' dir='ltr'>c.</span> <span class='ocrx_word' id='word_1_260' title='bbox 389 3851 422 3902; x_wconf 84' lang='lat'>5</span> <span class='ocrx_word' id='word_1_261' title='bbox 459 3850 519 3903; x_wconf 79' lang='grc' dir='ltr'>τὸ</span> <span class='ocrx_word' id='word_1_262' title='bbox 548 3852 767 3920; x_wconf 76' lang='grc' dir='ltr'><strong><em>γελοῖον</em></strong></span> <span class='ocrx_word' id='word_1_263' title='bbox 809 3853 1101 3920; x_wconf 75' lang='grc' dir='ltr'><strong><em>πρόσωσον</em></strong></span> <span class='ocrx_word' id='word_1_264' title='bbox 1138 3857 1363 3925; x_wconf 77' lang='grc' dir='ltr'><strong><em>αῖσχρόν</em></strong></span> <span class='ocrx_word' id='word_1_265' title='bbox 1401 3876 1446 3909; x_wconf 72' lang='grc' dir='ltr'>τι</span> <span class='ocrx_word' id='word_1_266' title='bbox 1482 3858 1584 3911; x_wconf 66' lang='lat' dir='ltr'>xvi.</span> 
     </span>
    </p>

    <p class='ocr_par' dir='ltr' id='par_1_8' title="bbox 445 3942 2593 4018">
     <span class='ocr_line' id='line_1_34' title="bbox 445 3942 2593 4018; baseline 0.005 -23"><span class='ocrx_word' id='word_1_267' title='bbox 445 3942 503 4013; x_wconf 85' lang='lat'>2)</span> <span class='ocrx_word' id='word_1_268' title='bbox 541 3942 840 4012; x_wconf 86' lang='lat' dir='ltr'>Expressis</span> <span class='ocrx_word' id='word_1_269' title='bbox 881 3944 1061 3999; x_wconf 87' lang='lat' dir='ltr'>verbis</span> <span class='ocrx_word' id='word_1_270' title='bbox 1101 3962 1134 4000; x_wconf 86' lang='lat' dir='ltr'>a</span> <span class='ocrx_word' id='word_1_271' title='bbox 1172 3946 1340 4004; x_wconf 85' lang='lat' dir='ltr'>Suida</span> <span class='ocrx_word' id='word_1_272' title='bbox 1378 3948 1624 4017; x_wconf 89' lang='lat' dir='ltr'>Thespin</span> <span class='ocrx_word' id='word_1_273' title='bbox 1669 3966 1935 4018; x_wconf 86' lang='lat' dir='ltr'>personas</span> <span class='ocrx_word' id='word_1_274' title='bbox 1973 3967 2003 4005; x_wconf 93' lang='lat' dir='ltr'>e</span> <span class='ocrx_word' id='word_1_275' title='bbox 2040 3951 2206 4005; x_wconf 86' lang='lat' dir='ltr'>linteo</span> <span class='ocrx_word' id='word_1_276' title='bbox 2260 3951 2377 4006; x_wconf 84' lang='lat' dir='ltr'>solo</span> <span class='ocrx_word' id='word_1_277' title='bbox 2416 3950 2593 4006; x_wconf 84' lang='lat' dir='ltr'>factas</span> 
     </span>
    </p>
   </div>
   <div class='ocr_carea' id='block_1_5' title="bbox 301 4034 2591 4208">
    <p class='ocr_par' dir='ltr' id='par_1_9' title="bbox 301 4034 2591 4208">
     <span class='ocr_line' id='line_1_35' title="bbox 301 4034 2591 4111; baseline 0.006 -25"><span class='ocrx_word' id='word_1_278' title='bbox 301 4034 581 4094; x_wconf 76' lang='lat' dir='ltr'>induxisse</span> <span class='ocrx_word' id='word_1_279' title='bbox 628 4036 927 4105; x_wconf 89' lang='lat' dir='ltr'>indicatur,</span> <span class='ocrx_word' id='word_1_280' title='bbox 985 4037 1052 4096; x_wconf 88' lang='lat' dir='ltr'>cf.</span> <span class='ocrx_word' id='word_1_281' title='bbox 1090 4039 1250 4095; x_wconf 86' lang='lat' dir='ltr'>infra.</span> <span class='ocrx_word' id='word_1_282' title='bbox 1307 4041 1426 4109; x_wconf 80' lang='lat' dir='ltr'>Qua</span> <span class='ocrx_word' id='word_1_283' title='bbox 1463 4058 1529 4097; x_wconf 82' lang='lat' dir='ltr'>ex</span> <span class='ocrx_word' id='word_1_284' title='bbox 1565 4059 1626 4097; x_wconf 85' lang='lat' dir='ltr'>re</span> <span class='ocrx_word' id='word_1_285' title='bbox 1677 4044 1837 4099; x_wconf 90' lang='lat' dir='ltr'>nobis</span> <span class='ocrx_word' id='word_1_286' title='bbox 1874 4043 2198 4099; x_wconf 85' lang='lat' dir='ltr'>concludere</span> <span class='ocrx_word' id='word_1_287' title='bbox 2233 4043 2361 4098; x_wconf 85' lang='lat' dir='ltr'>licet</span> <span class='ocrx_word' id='word_1_288' title='bbox 2380 4084 2393 4111; x_wconf 92' lang='lat'>‚</span> <span class='ocrx_word' id='word_1_289' title='bbox 2433 4044 2591 4100; x_wconf 88' lang='lat' dir='ltr'>initio</span> 
     </span>
     <span class='ocr_line' id='line_1_36' title="bbox 309 4128 1431 4208; baseline 0.007 -29"><span class='ocrx_word' id='word_1_290' title='bbox 309 4139 492 4181; x_wconf 87' lang='lat' dir='ltr'>omnes</span> <span class='ocrx_word' id='word_1_291' title='bbox 531 4128 755 4182; x_wconf 87' lang='lat' dir='ltr'>eandem</span> <span class='ocrx_word' id='word_1_292' title='bbox 795 4128 1026 4186; x_wconf 88' lang='lat' dir='ltr'>formam</span> <span class='ocrx_word' id='word_1_293' title='bbox 1061 4133 1431 4208; x_wconf 67' lang='lat' dir='ltr'>praebuisse.¹</span> 
     </span>
    </p>
   </div>
   <div class='ocr_carea' id='block_1_6' title="bbox 450 4216 2793 4304">
    <p class='ocr_par' dir='ltr' id='par_1_10' title="bbox 450 4216 2793 4304">
     <span class='ocr_line' id='line_1_37' title="bbox 450 4216 2793 4304; baseline 0.005 -34"><span class='ocrx_word' id='word_1_294' title='bbox 450 4219 506 4287; x_wconf 87' lang='lat'>3)</span> <span class='ocrx_word' id='word_1_295' title='bbox 542 4220 630 4273; x_wconf 88' lang='lat' dir='ltr'>Ita</span> <span class='ocrx_word' id='word_1_296' title='bbox 666 4222 1031 4289; x_wconf 89' lang='lat' dir='ltr'>conspicimus</span> <span class='ocrx_word' id='word_1_297' title='bbox 1064 4224 1120 4276; x_wconf 92' lang='lat' dir='ltr'>in</span> <span class='ocrx_word' id='word_1_298' title='bbox 1159 4224 1434 4291; x_wconf 91' lang='lat' dir='ltr'>lapidibus</span> <span class='ocrx_word' id='word_1_299' title='bbox 1492 4227 1680 4281; x_wconf 88' lang='lat' dir='ltr'>incisis</span> <span class='ocrx_word' id='word_1_300' title='bbox 1731 4243 1997 4297; x_wconf 85' lang='lat' dir='ltr'>personas</span> <span class='ocrx_word' id='word_1_301' title='bbox 2034 4230 2136 4283; x_wconf 91' lang='lat' dir='ltr'>tali</span> <span class='ocrx_word' id='word_1_302' title='bbox 2176 4229 2332 4284; x_wconf 92' lang='lat' dir='ltr'>modo</span> <span class='ocrx_word' id='word_1_303' title='bbox 2372 4234 2596 4282; x_wconf 84' lang='lat' dir='ltr'>ornatas</span> <span class='ocrx_word' id='word_1_304' title='bbox 2669 4255 2698 4304; x_wconf 64' lang='grc' dir='ltr'>χ</span> <span class='ocrx_word' id='word_1_305' title='bbox 2787 4216 2793 4220; x_wconf 58' lang='grc'><strong>’</strong></span> 
     </span>
    </p>
   </div>
   <div class='ocr_carea' id='block_1_7' title="bbox 309 4307 2600 4389">
    <p class='ocr_par' dir='ltr' id='par_1_11' title="bbox 309 4307 2600 4389">
     <span class='ocr_line' id='line_1_38' title="bbox 309 4307 2600 4389; baseline 0.005 -28"><span class='ocrx_word' id='word_1_306' title='bbox 309 4307 486 4377; x_wconf 90' lang='lat' dir='ltr'>primo</span> <span class='ocrx_word' id='word_1_307' title='bbox 527 4311 689 4368; x_wconf 90' lang='lat' dir='ltr'>editis</span> <span class='ocrx_word' id='word_1_308' title='bbox 728 4329 762 4369; x_wconf 86' lang='lat' dir='ltr'>a</span> <span class='ocrx_word' id='word_1_309' title='bbox 798 4314 1074 4371; x_wconf 88' lang='lat' dir='ltr'>Koehlero</span> <span class='ocrx_word' id='word_1_310' title='bbox 1112 4317 1169 4370; x_wconf 93' lang='lat' dir='ltr'>in</span> <span class='ocrx_word' id='word_1_311' title='bbox 1207 4317 1348 4372; x_wconf 91' lang='lat' dir='ltr'>libro</span> <span class='ocrx_word' id='word_1_312' title='bbox 1376 4320 1468 4386; x_wconf 86' lang='lat' dir='ltr'>qui</span> <span class='ocrx_word' id='word_1_313' title='bbox 1497 4320 1845 4375; x_wconf 87' lang='lat' dir='ltr'>inscribitur:</span> <span class='ocrx_word' id='word_1_314' title='bbox 1892 4322 2121 4376; x_wconf 85' lang='lat' dir='ltr'>Masken</span> <span class='ocrx_word' id='word_1_315' title='bbox 2140 4363 2153 4389; x_wconf 93' lang='lat'>,</span> <span class='ocrx_word' id='word_1_316' title='bbox 2193 4322 2280 4375; x_wconf 90' lang='lat' dir='ltr'>ihr</span> <span class='ocrx_word' id='word_1_317' title='bbox 2312 4321 2600 4389; x_wconf 86' lang='lat' dir='ltr'>Ursprung</span> 
     </span>
    </p>
   </div>
   <div class='ocr_carea' id='block_1_8' title="bbox 313 4405 2600 4563">
    <p class='ocr_par' dir='ltr' id='par_1_12' title="bbox 313 4405 2600 4563">
     <span class='ocr_line' id='line_1_39' title="bbox 313 4405 2600 4563; baseline 0.005 -107"><span class='ocrx_word' id='word_1_318' title='bbox 313 4417 368 4548; x_wconf 50' lang='grc' dir='ltr'>ἓ.</span> <span class='ocrx_word' id='word_1_319' title='bbox 408 4417 560 4548; x_wconf 56' lang='lat' dir='ltr'>neuel</span> <span class='ocrx_word' id='word_1_320' title='bbox 583 4405 896 4563; x_wconf 35' lang='lat' dir='ltr'>§uslegung</span> <span class='ocrx_word' id='word_1_321' title='bbox 932 4427 983 4463; x_wconf 89' lang='lat' dir='ltr'>u.</span> <span class='ocrx_word' id='word_1_322' title='bbox 1007 4426 1049 4464; x_wconf 91' lang='lat' dir='ltr'>s.</span> <span class='ocrx_word' id='word_1_323' title='bbox 1072 4428 1135 4465; x_wconf 86' lang='lat' dir='ltr'>w.</span> <span class='ocrx_word' id='word_1_324' title='bbox 1175 4411 1368 4479; x_wconf 80' lang='lat' dir='ltr'>(Wies.</span> <span class='ocrx_word' id='word_1_325' title='bbox 1405 4412 1473 4466; x_wconf 92' lang='lat' dir='ltr'>D.</span> <span class='ocrx_word' id='word_1_326' title='bbox 1512 4413 1562 4466; x_wconf 91' lang='lat' dir='ltr'>d.</span> <span class='ocrx_word' id='word_1_327' title='bbox 1602 4414 1664 4467; x_wconf 93' lang='lat' dir='ltr'>B.</span> <span class='ocrx_word' id='word_1_328' title='bbox 1702 4414 1766 4481; x_wconf 93' lang='lat' dir='ltr'>V,</span> <span class='ocrx_word' id='word_1_329' title='bbox 1805 4417 1963 4469; x_wconf 79' lang='lat'>2-6,</span> <span class='ocrx_word' id='word_1_330' title='bbox 2019 4415 2371 4481; x_wconf 88' lang='lat' dir='ltr'>Sommerbr.,</span> <span class='ocrx_word' id='word_1_331' title='bbox 2412 4415 2600 4468; x_wconf 84' lang='lat' dir='ltr'>Scaen.</span> 
     </span>
     <span class='ocr_line' id='line_1_40' title="bbox 363 4495 640 4563; baseline -0.007 -13"><span class='ocrx_word' id='word_1_332' title='bbox 363 4495 448 4550; x_wconf 80' lang='lat' dir='ltr'>ab.</span> <span class='ocrx_word' id='word_1_333' title='bbox 489 4511 521 4547; x_wconf 86' lang='lat' dir='ltr'>a</span> <span class='ocrx_word' id='word_1_334' title='bbox 556 4495 640 4563; x_wconf 87' lang='lat' dir='ltr'>j..</span> 
     </span>
    </p>
   </div>
  </div>
 </body>
</html>
