3125 5000
1282 320 1713 386 -15-

352 494 644 566 ταλικοὺς
685 493 755 555 ἓν
802 501 940 566 ταῖς
983 491 1367 578 τραγῳδίαις
1423 495 1530 553 καὶ
1578 491 1916 565 ζωννύουσι
1978 495 2121 572 περὶ
2164 493 2240 553 τὰ
2286 491 2488 573 στήθη
2533 493 2641 552 καὶ

359 601 719 687 ἐφαπτίδας
763 600 849 674 ὥς
895 604 1002 663 καὶ
1025 604 1150 664 τῶν
1172 599 1519 686 τραγῳδῶν
1545 603 2003 685 μιμησαμένων
2047 600 2187 674 τοὺς
2237 599 2640 685 Θετταλούς).

361 711 548 792 Quod
592 732 785 796 quam
833 709 1000 777 falso
1047 710 1285 775 dictum
1331 711 1431 795 sit,
1477 716 1764 794 repetere
1807 709 1974 775 nolo.

1275 929 1343 998 3.
1431 928 1725 997 Pollux·

528 1089 992 1157 Commemorat
1059 1089 1514 1173 grammaticus
1580 1088 1748 1154 inter
1818 1094 2199 1173 apparatum
2276 1088 2636 1154 scaenicum

357 1204 654 1263 ornatum
702 1198 1077 1264 histrionum
1138 1198 1396 1264 fabulae
1455 1197 1812 1282 satyricae,
1880 1216 2046 1280 quae
2114 1217 2194 1262 ex
2251 1198 2639 1281 temporibus

355 1307 491 1373 fere
537 1307 1118 1372 Alexandrinorum
1206 1328 1332 1373 non
1412 1307 1543 1371 iam
1612 1306 1943 1389 agebatur.
2045 1305 2382 1389 Excerpsit
2439 1305 2638 1388 igitur

356 1413 524 1480 hanc
579 1416 676 1480 sui
733 1414 882 1481 libri
941 1422 1187 1500 partem
1231 1415 1463 1479 Pollux
1523 1433 1604 1477 ex
1665 1414 1793 1477 alio
1841 1411 2118 1496 quodam
2161 1412 2355 1479 fonte.
2442 1413 2641 1479 Estne

351 1523 731 1608 verisimile,
774 1544 917 1589 eum
964 1529 1176 1588 cetera
1221 1544 1385 1606 quae
1431 1523 1512 1588 de
1558 1522 1784 1608 habitu
1828 1522 2121 1588 scaenico
2168 1528 2387 1586 narrat
2429 1523 2638 1606 ipsum

357 1632 836 1716 composuisse?
925 1632 1010 1695 At
1055 1630 1339 1715 profecto
1384 1651 1511 1695 non
1578 1648 1738 1715 opus
1784 1635 1879 1695 est
1923 1629 2243 1714 expressis
2287 1630 2497 1695 verbis
2541 1631 2639 1694 in-

354 1737 592 1823 dicare,
639 1739 1127 1822 grammaticum
1164 1739 1329 1804 alius
1379 1739 1705 1823 scriptoris
1749 1737 1984 1803 librum
2018 1738 2359 1822 expilasse.
2452 1737 2637 1816 Quod

350 1847 787 1929 unusquisque
855 1847 961 1929 qui
1005 1847 1255 1913 illorum
1319 1855 1673 1932 temporum
1735 1845 1988 1911 modum
2036 1845 2358 1911 scribendi
2404 1867 2634 1929 cogno-

356 1953 525 2018 verit
594 1954 807 2018 statim
855 1954 1176 2020 concedet.
1265 1956 1359 2018 Ac
1403 1974 1651 2018 summa
1709 1953 1999 2018 veritatis
2043 1950 2253 2038 specie
2297 1954 2368 2017 E.
2413 1953 2641 2020 Rohde

353 2061 422 2129 in
469 2061 630 2131 libro
675 2063 774 2127 De
818 2063 877 2129 J.
920 2063 1196 2131 Pollucis
1241 2061 1305 2125 in
1352 2067 1668 2145 apparatu
1715 2079 1930 2125 scaen.
1995 2060 2356 2125 enarrando
2414 2061 2637 2127 fontib.
2675 2050 2682 2059 ’

348 2169 521 2254 Lips.
571 2170 741 2237 1870
783 2172 1086 2257 probavit
1130 2191 1296 2254 quae
1343 2170 1575 2235 Pollux
1622 2175 1840 2234 narrat
1882 2169 1962 2234 de
1993 2176 2310 2254 apparatu
2341 2171 2637 2237 scaenico

347 2280 695 2347 maximam
763 2287 1008 2364 partem
1077 2278 1340 2344 fluxisse
1388 2301 1422 2344 e
1467 2279 1681 2345 ‚Iubae
1748 2280 1920 2361 regis
1974 2278 2416 2344 Mauretaniae
2475 2280 2635 2344 libro

347 2391 492 2469 περὶ
534 2393 640 2473 τῆς
686 2390 1026 2470 θεατρικῆς
1070 2386 1364 2470 ἱστορίας.
1458 2386 1645 2467 Quod
1711 2387 1766 2451 si
1809 2393 1980 2451 recte
2041 2406 2111 2450 se
2174 2386 2403 2472 habet,
2448 2407 2637 2470 quem

350 2495 639 2566 habitum
696 2496 926 2563 Pollux
992 2503 1358 2576 enumerat,
1423 2495 1554 2564 iam
1599 2492 2180 2564 Alexandrinorum
2246 2496 2637 2580 temporibus

346 2609 721 2688 usurpatum
791 2623 932 2670 esse
993 2605 1362 2672 existimare
1409 2603 1717 2669 debemus
1742 2652 1762 2685 ,
1828 2603 1981 2686 quia
2024 2604 2195 2670 Juba
2260 2622 2340 2667 ex
2385 2604 2636 2672 illorum

349 2712 905 2796 grammaticorum
964 2713 1141 2777 libris
1206 2712 1421 2780 hausit
1439 2711 1510 2798 ¹).
1599 2713 1821 2779 Altera
1879 2718 2091 2778 autem
2165 2731 2244 2776 ex
2305 2717 2490 2796 parte
2549 2711 2637 2776 ad

343 2819 515 2885 idem
581 2819 886 2886 ducimur.
972 2823 1255 2907 Reperta
1330 2826 1428 2886 est
1500 2820 1672 2884 enim
1717 2819 2016 2904 Pompeis
2081 2819 2327 2904 pictura
2371 2820 2637 2905 parietis

347 2946 487 2992 cum
534 2928 824 3013 personis
885 2930 1196 2995 scaenicis
1214 2928 1282 3012 2),
1345 2948 1612 3012 quarum
1678 2934 1936 2994 ornatus
2005 2946 2147 2992 cum
2210 2925 2637 3013 descriptione

343 3036 622 3102 Pollucis
686 3038 1020 3103 consentit.
1108 3037 1392 3103 Dubium
1455 3055 1597 3101 esse
1666 3056 1792 3101 non
1837 3041 2080 3121 potest,
2125 3035 2277 3117 quin
2321 3055 2636 3120 personae

341 3142 472 3207 iam
567 3143 1149 3216 Alexandrinorum
1236 3143 1626 3229 temporibus
1652 3193 1668 3226 ,
1762 3142 1912 3225 quia
1986 3148 2155 3207 artes
2241 3142 2636 3227 Companiae

341 3272 599 3334 prorsus
672 3253 755 3320 ab
831 3257 970 3318 arte
1047 3252 1220 3317 illius
1297 3251 1602 3336 temporis
1677 3250 2047 3336 pendebant
2068 3250 2151 3333 3),
2231 3252 2296 3315 in
2357 3251 2633 3317 Graecia

344 3356 470 3423 sint
536 3367 901 3445 usurpatae.
951 3398 1032 3410 -
1125 3360 1468 3438 Quaeritur
1549 3379 1749 3444 nunc,
1819 3380 1942 3443 quo
2014 3367 2297 3444 tempore
2373 3368 2636 3426 ornatus

342 3465 452 3530 ille
524 3488 780 3551 prorsus
842 3470 1133 3536 excultus
1198 3469 1301 3534 sit.
1410 3468 1797 3551 Aeschylum
1866 3468 2214 3534 secundnm
2283 3488 2391 3553 ea,
2467 3488 2632 3552 quae

344 3582 540 3642 antea
585 3578 1031 3664 exposuimus,
1102 3577 1231 3644 iam
1277 3582 1475 3646 totum
1543 3583 1926 3661 apparatum
2020 3576 2368 3656 induxisse,
2444 3596 2630 3642 nemo

351 3682 583 3750 credet.
672 3686 1252 3752 Alexandrinorum
1325 3693 1538 3751 autem
1614 3685 2173 3768 grammaticorum
2236 3685 2630 3770 temporibus

350 3793 639 3858 excultus
687 3798 845 3858 erat.
933 3793 1076 3872 Qua
1122 3791 1202 3858 de
1249 3812 1446 3858 causa
1507 3793 2035 3857 verisimillimum
2079 3799 2192 3877 est,
2237 3793 2404 3857 inter
2444 3793 2631 3857 Euri-

343 3900 512 3986 pidis
571 3907 636 3976 et
692 3901 943 3970 illorum
1015 3907 1305 3986 tempora
1374 3900 1663 3968 habitum
1733 3900 2103 3966 histrionum
2167 3899 2255 3965 ad
2319 3920 2629 3965 summam

488 4163 542 4233 1)
579 4164 644 4216 In
679 4162 930 4231 personis
970 4160 1343 4216 describendis
1382 4159 1528 4214 Juba
1570 4161 1686 4215 sine
1748 4160 1911 4215 dubio
1952 4159 2340 4228 Aristophanis
2376 4157 2627 4228 Byzantii

345 4251 409 4306 de
447 4256 694 4319 personis
733 4253 1000 4310 scaenicis
1026 4253 1479 4309 commentatione
1506 4252 1653 4322 (περὶ
1688 4252 2017 4323 προσώπων)
2040 4283 2095 4294 -
2126 4252 2232 4306 etsi
2267 4267 2375 4306 non
2412 4252 2534 4319 ipsa
2555 4278 2621 4290 —

342 4359 472 4398 usus
510 4351 594 4399 cst
629 4346 721 4416 ΘΕ.
760 4347 954 4402 Rohde
985 4346 1022 4401 1.
1061 4361 1111 4401 a.
1150 4362 1204 4415 p.
1243 4345 1353 4415 56).

481 4441 538 4505 2)
575 4440 739 4494 Arch.
776 4440 897 4510 Ztg.
944 4441 1095 4508 1878,
1133 4437 1254 4493 Taf.
1293 4437 1390 4491 111.
1425 4437 1519 4492 IV.
1557 4436 1623 4492 V.

479 4535 534 4603 3)
573 4533 651 4589 Of.
690 4531 905 4600 Helbig‚
938 4529 1264 4586 Untersuch.
1303 4527 1440 4582 iiber
1477 4543 1654 4597 camp.
1690 4527 1996 4584 Wandmal.
