3125 5000
1502 323 1923 393 ...34-

569 494 837 581 capillos
879 500 945 561 et
986 495 1255 561 barbam
1302 500 1665 560 concretam
1725 496 2075 577 gestabant
2094 496 2142 581 ¹)
2208 497 2482 581 (γένειον
2527 499 2866 586 πεπηγός),

572 622 739 687 quae
781 609 1170 669 senectutem
1213 602 1545 669 indicabat
1564 603 1637 687 ²).

750 710 886 775 Viri
928 710 1204 777 maiores
1233 717 1388 777 natu
1432 709 1496 795 (ὅ
1542 710 2063 797 σπαρωπόλιος).
2155 711 2378 778 Orines
2423 713 2655 798 partim
2703 716 2873 799 nigri

572 817 804 903 partim
849 816 980 882 albi
1026 824 1213 882 erant
1257 817 1474 903 (δηλοῖ
1499 819 1620 897 μὲν
1662 819 1773 900 τὴν
1815 821 1941 880 τῶν
1984 817 2231 881 πολιῶν
2278 820 2519 906 φύσιν).

490 1011 494 1014 ²
745 925 882 991 Viri
940 925 1213 991 barbam
1284 925 1644 1009 gestabant
1740 926 1933 992 Color
1998 927 2264 992 crinium
2336 935 2475 993 erat
2526 933 2640 993 aut
2682 929 2870 1012 niger

568 1030 633 1120 (ὅ
677 1033 878 1114 μέλας
903 1031 1113 1120 ὀἷνήρ)
1133 1031 1185 1119 ⁸)
1231 1039 1343 1099 aut
1387 1032 1593 1099 flavus
1640 1030 1701 1119 (ὁ
1753 1032 2002 1108 ξανθὸς
2048 1031 2242 1120 οἷνῆρ)
2264 1034 2337 1120 ⁴).

742 1142 1029 1211 Juvenes
1072 1179 1159 1191 --
1202 1142 1343 1206 sine
1404 1141 1609 1206 barba
1658 1179 1731 1187 —-
1781 1147 1897 1206 aut
1961 1142 2166 1225 nigris
2230 1141 2514 1207 crinibus
2581 1138 2649 1228 (ὃ
2696 1140 2862 1217 ποίγ·

574 1265 832 1332 χρησιος
860 1248 912 1335 ⁵)
950 1248 1212 1335 juvenis
1256 1249 1461 1314 maior
1506 1254 1661 1317 natu
1710 1284 1785 1299 ·-
1832 1249 2085 1317 iuvenis
2149 1249 2359 1315 minor
2403 1253 2559 1314 natu
2584 1248 2637 1335 ⁶)
2684 1247 2867 1315 deest

582 1356 758 1442 apud
804 1356 1158 1443 Pollucem)
1229 1363 1342 1422 ant
1406 1356 1596 1422 flavis
1665 1354 1746 1440 (ὁ.
1776 1352 1966 1429 οὖλος
2019 1356 2283 1442 juvenis
2349 1356 2555 1423 maior
2617 1363 2774 1422 natu
2794 1354 2864 1441 ⁷),

579 1461 616 1528 ὅ
663 1462 991 1546 ποὶρουλος
1025 1463 1079 1550 j.
1119 1464 1326 1530 minor
1371 1464 1556 1547 natu)
1604 1463 1812 1529 ornati
1859 1470 2061 1529 erant.

756 1570 1210 1638 Adolescentes
1272 1592 1548 1656 persona
1604 1570 1790 1637 flavis
1856 1585 1998 1637 cum
2043 1571 2296 1657 capillis
2341 1577 2406 1636 et
2445 1570 2712 1656 pulchro
2757 1589 2867 1634 ore

579 1680 924 1746 utebantur
969 1681 1265 1763 (πρέπων
1308 1683 1452 1766 θεῷ
1496 1681 1536 1763 ἢ
1580 1679 1787 1765 καλῷ)
1807 1679 1877 1757 ⁸).

753 1791 823 1873 2)
865 1789 1124 1859 Servi.
1211 1791 1452 1857 Servus
1496 1790 1812 1857 maximus
1879 1794 2032 1856 natu
2081 1786 2143 1875 (ὃ
2183 1788 2561 1875 διφθερίας)
2611 1787 2857 1873 signifi-

575 1901 756 1962 catur
797 1903 1164 1982 tegumento
1209 1898 1440 1983 capitis
1484 1897 1926 1981 (περίκρανον)
1948 1895 2020 1981 ⁹).

747 2004 982 2072 Servus
1049 2005 1256 2070 minor
1320 2011 1476 2070 natu
1525 2006 1589 2090 (ὁ
1638 2005 2111 2090 σφηνοπιόγων)
2177 2005 2586 2089 cognoscitur
2659 2004 2865 2070 barba

573 2111 642 2177 in
687 2118 939 2178 contum
983 2111 1314 2181 desinente
1369 2121 1433 2178 et
1479 2113 1665 2197 genis
1725 2112 1935 2179 rubris
1977 2113 2276 2200 (πρέπων
2321 2111 2619 2199 α’γγέλῳ).
2707 2113 2864 2179 Sine

574 2219 770 2287 dnbio
844 2240 1121 2306 persona
1186 2221 1311 2286 fuit
1375 2222 1515 2287 eius
1560 2221 1765 2285 nuntii
1834 2221 1939 2305 qui
1988 2240 2248 2287 currens
2293 2221 2360 2287 in
2404 2241 2704 2287 scaenam
2749 2218 2858 2285 ad-

574 2330 770 2410 venit,
812 2329 903 2394 ita
963 2329 1223 2396 nuntius
1287 2330 1353 2394 in
1401 2329 1629 2395 Aescb.
1695 2330 1870 2415 Sept.
1916 2350 1969 2395 c.
2011 2330 2218 2395 Theb.
2261 2331 2384 2414 (vs.
2430 2330 2554 2395 371
2606 2326 2855 2416 σπουδῇ

576 2434 831 2503 διώκων
894 2438 1260 2519 πομπίμους
1322 2438 1522 2517 χνόας
1580 2437 1874 2523 ποδοῖν),
1942 2439 2008 2503 in
2071 2438 2285 2505 Persis
2346 2437 2467 2526 (VS.
2511 2438 2635 2504 247
2685 2435 2864 2504 τοῦδε

570 2544 695 2628 γὰρ
765 2545 1071 2631 δράμημα
1144 2550 1356 2628 φωτὸς
1425 2549 1741 2628 Περωκὸν
1806 2549 2033 2628 πρέπει
2100 2548 2393 2632 μαθεῖν).
2477 2548 2576 2612 Ab
2623 2547 2869 2614 Aristo-

572 2655 789 2741 phane
857 2653 1162 2720 luduntur
1229 2654 1540 2721 eiusmodi
1617 2656 1826 2720 nuntii
1897 2656 1963 2721 in
2026 2656 2273 2723 Avibus
2339 2660 2458 2741 (vs.
2507 2657 2669 2721 1121
2720 2653 2867 2717 ἀλλ’

574 2759 784 2828 οὗτοσὶ
849 2761 1165 2846 (nuntius)
1266 2765 1464 2844 τρέχει
1549 2783 1639 2836 τις
1702 2759 2005 2845 Ἀλφειὸν
2086 2766 2318 2828 πνέων.
2409 2763 2662 2829 Deinde
2725 2783 2865 2828 cum

574 2870 833 2935 nuntius
916 2869 1218 2953 advenit,
1291 2866 1702 2936 vehementer
1760 2871 2015 2956 spirans
2080 2872 2276 2937 verba
2352 2878 2596 2937 tantum
2663 2872 2867 2938 eicere

573 2984 784 3064 potest
826 2979 955 3043 ποῦ
998 2979 1143 3040 ποῦ’
1189 2993 1281 3042 οτι
1324 2980 1489 3061 ποῦς
1533 2979 1658 3044 ποῦ
1707 2983 1835 3048 ποῦ
1877 2981 2021 3057 ’σοις
2066 2984 2194 3045 ποῦ
2237 2984 2361 3044 ποῦ
2408 2981 2516 3042 ’στι
2562 2979 2751 3062 ποῦς)

748 3085 984 3152 Servus
1027 3084 1326 3150 minimus
1369 3090 1527 3150 natu
1587 3105 1867 3170 persona
1930 3087 2071 3153 sine
2115 3087 2322 3153 barba
2368 3087 2699 3151 utebatur:
2747 3085 2858 3167 qui

571 3193 693 3260 fuit
748 3231 816 3243 -
866 3200 936 3258 ut
979 3194 1253 3259 alter—
1279 3193 1539 3259 nuntius
1599 3196 1732 3277 (καὶ
1778 3188 1958 3267 οὗτος
2002 3190 2341 3279 ἀγγέλλει).
2390 3231 2467 3240 --
2516 3191 2859 3258 Desidera-

573 3322 714 3369 mus
768 3321 1107 3387 personam
1167 3302 1337 3367 servi
1403 3301 1665 3367 maioris
1708 3308 1900 3387 natu,
1969 3304 2074 3385 qui
2121 3324 2250 3369 non
2317 3301 2586 3367 nuntiat.
2672 3301 2859 3366 Hanc

573 3429 911 3495 personam
955 3409 1128 3494 apud
1172 3409 1373 3475 Wies.
1415 3410 1495 3474 D.
1540 3408 1602 3474 d.
1650 3410 1720 3475 B.
1765 3410 1884 3493 IX,
1932 3411 1964 3475 1
2013 3411 2295 3495 conspici
2340 3409 2647 3494 suspicor.

722 3693 777 3763 1)
818 3690 986 3748 Arch.
1018 3688 1143 3758 Ztg.
1188 3688 1327 3746 1878
1362 3686 1498 3741 Tab.
1534 3687 1629 3755 IV,
1668 3691 1716 3742 2.

715 3785 772 3856 2)
811 3781 891 3837 Cf.
931 3782 1127 3836 Aesch.
1166 3779 1314 3847 Sept.
1354 3781 1457 3832 665
1497 3778 1606 3833 οὔτ’
1641 3781 1697 3832 ἐν
1733 3783 2052 3850 τροφαῖσιν,
2110 3776 2218 3831 οὔτ’
2256 3775 2593 3848 ἐφηβήσαντά
2634 3796 2718 3831 πω
2761 3775 2863 3830 οὔτ’

572 3879 628 3930 ἔν
663 3879 873 3949 γενείου
909 3874 1133 3946 ξυλλογῇ
1168 3873 1511 3944 τριχώματος.

718 3969 774 4039 3)
812 3967 892 4022 Cf.
928 3968 1096 4021 Arch.
1133 3965 1254 4034 Ztg.
1291 3965 1365 4019 ib.
1403 3964 1469 4033 V,
1509 3964 1556 4019 1.

712 4064 770 4133 4)
808 4060 893 4118 Cf.
925 4059 999 4114 ib.
1036 4059 1101 4128 V,
1145 4060 1191 4113 1.

718 4156 776 4225 5)
811 4154 984 4209 Wies.
1021 4151 1089 4205 D.
1128 4150 1179 4205 d.
1217 4150 1281 4205 B.
1317 4149 1385 4218 V,
1412 4150 1497 4204 25.

712 4242 773 4312 6)
811 4241 984 4296 Wies.
1022 4239 1088 4308 V,
1123 4241 1210 4296 24.

717 4334 775 4403 7)
810 4330 985 4385 Wies.
1022 4329 1088 4396 V,
1125 4331 1210 4383 23.

719 4423 777 4494 8)
814 4423 988 4478 WieS.
1024 4421 1092 4476 D.
1131 4421 1182 4476 d.
1216 4421 1280 4475 B.
1318 4420 1387 4489 V,
1410 4422 1496 4473 26.
1535 4448 1599 4459 —
1645 4420 1709 4472 In
1749 4420 2061 4475 memoriam
2097 4434 2295 4480 revoco
2313 4418 2519 4475 Bacchi
2554 4432 2864 4486 personam.

716 4516 774 4586 9)
809 4515 893 4570 De
927 4515 1034 4570 hoc
1068 4512 1390 4568 vestimento
1427 4509 1495 4565 cf.
1532 4510 1782 4565 Wiesel.:
1822 4510 1971 4570 Gott.
2005 4513 2111 4581 gel,
2153 4512 2288 4572 ΔΜ.
2328 4512 2468 4568 1852
2503 4526 2558 4579 p.
2601 4508 2755 4566 1894.
