3125 5000
1526 319 1944 383 ..26-

599 488 793 574 (ω’χρα
856 495 975 573 μὲν
1049 493 1172 572 γὰρ
1237 491 1403 553 εἶναί
1460 514 1570 572 μοι
1638 491 1880 566 δοκεΐςζ
1970 492 2247 579 Blepsid.
2306 492 2390 558 ad
2443 491 2701 558 Chrem.
2754 492 2928 563 ἴσως

606 601 863 680 Εριννύς
905 600 1068 662 ἐστιν
1109 599 1179 663 ἐκ
1220 598 1574 685 τραγῳδίας
1592 599 1659 685 ¹).

772 708 931 774 Cum
976 708 1277 794 Aeschyli
1344 708 1733 793 temporibus
1790 728 2066 794 persona
2147 708 2347 775 tonsis
2420 727 2560 774 cum
2629 707 2926 793 capillis

597 815 865 882 Achillis
938 816 1137 882 solius
1220 817 1483 882 tristitia
1559 815 1640 881 de
1710 822 1914 882 morte
1988 815 2265 883 Patrocli
2345 815 2561 882 affecti
2618 815 2924 901 propria

601 924 830 993 fuisset
848 924 921 1014 ²),
963 926 1032 991 in
1074 925 1401 1011 Euripidis
1463 926 1700 991 fabulis
1758 944 2036 992 omnes
2116 926 2251 1010 qui
2294 925 2709 1010 lugebant
2758 943 2923 1010 per·

601 1052 762 1098 sona
804 1034 1006 1099 tonsis
1049 1053 1188 1100 cum
1234 1032 1486 1117 capillis
1531 1033 1741 1099 ornati
1787 1039 1969 1098 erant
1985 1030 2058 1119 8).
2144 1032 2246 1098 Ita
2267 1031 2513 1098 Admet.
2554 1031 2622 1097 in
2647 1031 2922 1098 Alcest.

567 1134 718 1226 ⁸(VS.
738 1143 866 1208 512
911 1144 966 1204 τί
1008 1144 1217 1224 χρῆμα
1262 1143 1466 1224 κουρᾷ
1508 1140 1654 1230 τῇδε
1700 1143 1998 1226 πενθίμῳ
2031 1141 2342 1227 πρέπεις),
2379 1139 2782 1225 Tyndareus
2833 1140 2911 1208 in

597 1249 700 1316 Or.
724 1251 843 1335 (vs.
867 1251 993 1316 458
1037 1252 1242 1331 κουρᾷ
1284 1273 1345 1312 τε
1392 1250 1711 1332 θυγατρὸς
1734 1253 2032 1336 πενθίμῳ
2056 1250 2485 1335 κεκαρμένος),
2527 1250 2811 1317 Electra
2836 1251 2913 1317 in

593 1359 690 1424 El.
739 1360 857 1445 (vs.
906 1359 1031 1424 108
1075 1359 1301 1439 εἰσορῶ
1367 1357 1551 1442 τήνδε
1612 1370 1884 1443 πηγαῖον
1928 1359 2139 1440 ἄχθος
2182 1357 2254 1422 ἐν
2298 1362 2663 1444 κεκαρμένῳ
2716 1359 2913 1442 κοίρᾳ

595 1469 970 1553 φέρουσαν),
1015 1468 1203 1534 Chor.
1246 1470 1313 1533 in
1337 1469 1559 1554 Suppl.
1607 1470 1692 1546 (v.
1725 1470 1804 1535 97
1814 1470 1862 1553 ),‘
1903 1469 2142 1535 Jocast.
2186 1468 2252 1533 in
2283 1467 2521 1534 Phoen.
2567 1468 2692 1555 (vs.
2721 1470 2903 1555 321)

596 1575 842 1642 Helena
873 1576 938 1641 in
969 1576 1109 1641 Hel.
1158 1575 1279 1660 (vs.
1319 1577 1505 1643 1087.
1531 1577 1750 1663 1187),
1795 1577 2036 1643 Hecub.
2081 1577 2148 1641 in
2191 1575 2422 1642 Troad.
2469 1577 2591 1664 (vs.
2632 1578 2907 1665 141)⁴).

767 1683 915 1762 Qui
999 1704 1133 1749 res
1211 1683 1619 1750 adversas
1711 1684 2234 1750 nuntiabant
2314 1684 2571 1770 servi,
2664 1686 2906 1753 vultus

596 1791 808 1857 tristes
854 1799 917 1857 et
960 1792 1301 1877 supercilia
1346 1791 1621 1857 deducta
1649 1790 2065 1878 habebant5).
2155 1793 2257 1857 Ita
2287 1792 2495 1858 Creon
2539 1793 2607 1857 in
2634 1793 2903 1861 Phoen.

596 1899 718 1986 (vs.
764 1901 958 1985 1332)
1021 1902 1240 1967 nuntio
1299 1901 1684 1967 adveniente
1746 1902 1957 1979 ‘oinos’
2020 1901 2231 1984 inquit
2300 1902 2384 1963 ‘zo
2445 1903 2565 1981 μὲν
2622 1910 2904 1985 σημεῖον

592 2008 819 2091 εἰσορῶ·
880 2008 1043 2087 τόδε,
1091 2009 1481 2092 σκυθρωπὸν
1528 2009 1706 2089 ὄμμα
1751 2013 1859 2071 καὶ
1902 2008 2255 2092 πρόσωπον
2298 2006 2610 2086 α’γγέλου’,
2656 2010 2729 2076 111
2778 2012 2898 2077 Al-

593 2124 745 2185 cest.
790 2119 973 2201 (776)
1028 2118 1335 2184 Hercules
1396 2116 1479 2183 ad
1532 2123 1707 2183 nunt.
1771 2118 1866 2183 (σὺ
1921 2116 2166 2201 δ’ἅνδρ’
2244 2115 2496 2197 ἑταῖρον
2562 2118 2897 2207 δεσπότου

595 2223 882 2308 παρόνθ’
925 2224 1097 2307 ὁρῶν
1142 2227 1383 2310 στυγνῷ
1427 2222 1752 2311 προσώπῳ
1797 2230 1904 2286 καὶ
1950 2229 2480 2312 συνωφρυωμένῳ
2527 2225 2739 2306 ὀέχει’.

765 2336 1018 2402 Senes
1063 2336 1216 2400 alba
1275 2354 1418 2400 cum
1476 2336 1763 2400 caesarie
1821 2334 2196 2420 prodibant:
2242 2334 2521 2402 Cadmus
2567 2344 2631 2402 et
2671 2337 2892 2404 Tires.

591 2443 659 2509 in
707 2442 937 2509 Bacch.
984 2442 1104 2528 (vs.
1150 2442 1276 2509 185
1342 2445 1541 2523 κρᾶτα
1590 2441 1842 2506 πολιόν.
1889 2443 2018 2508 324
2064 2442 2258 2506 πολιοὶ
2322 2445 2637 2531 ξυνωρίς),
2683 2445 2888 2526 Chor,

591 2572 725 2619 sen.
789 2552 854 2617 in
901 2553 1087 2617 Herc.
1151 2551 1271 2617 fur.
1319 2553 1443 2637 (vs.
1491 2553 1670 2636 693.)
1715 2589 1791 2599 -
1869 2551 2057 2619 Chor.
2122 2553 2189 2618 111
2246 2552 2440 2639 Soph.
2484 2556 2705 2639 Antig.
2755 2559 2887 2639 (vs.

595 2662 791 2746 1093)
839 2660 1322 2740 ’ἐπιστάμεσθα’
1388 2660 1593 2744 inquit
1654 2659 1807 2734 ’δ’ἐξ
1877 2660 2023 2723 ὅτου
2092 2660 2318 2744 λευκήν
2375 2662 2496 2739 ἐγώ
2560 2663 2733 2747 τήνδ’
2811 2666 2884 2728 ἐκ

589 2767 892 2852 μελαίνης
949 2764 1447 2851 ἀμφιβάλλομαι
1512 2770 1731 2850 τρίχα’.
1774 2805 1862 2817 —
1935 2769 2132 2835 Porro
2190 2770 2434 2837 Aethra
2476 2771 2544 2839 in
2588 2774 2882 2861 Suppli&

590 2880 714 2964 (ve.
756 2878 883 2944 289
960 2876 1186 2940 λευκὸν
1244 2876 1515 2964 κρᾶτα),
1592 2878 1743 2943 Hec.
1801 2877 1867 2943 in
1926 2878 2082 2944 Hess.
2141 2881 2259 2964 (VS.
2301 2880 2433 2946 500
2508 2880 2884 2946 πάλλευκον

590 2989 811 3072 κάρα),
850 2988 1087 3054 Jooast.
1133 2987 1200 3052 in
1244 2987 1482 3052 Phoen.
1528 2988 1650 3071 (vs.
1695 2988 1824 3052 322
1870 2986 2220 3069 λευκόχροα
2268 2990 2526 3074 κόμαν).

762 3095 1066 3161 Caesarie
1155 3115 1294 3159 cum
1376 3093 1555 3160 fusca
1620 3096 2054 3180 Polynices
2126 3098 2193 3162 in
2271 3098 2508 3164 Phoen.
2571 3118 2873 3166 scaenam

591 3203 882 3272 ascendit
961 3205 1083 3288 (VS.
1125 3204 1254 3270 308
1335 3205 1693 3284 βοστρύχων
1759 3206 2171 3339 κυανόχρωτα
2246 3210 2464 3285 χαιτας
2534 3208 2875 3292 πλόκαμον

452 3393 460 3402 ·
589 3311 860 3386 σκιάζων
909 3311 1106 3395 δέραν
1152 3309 1376 3395 α’μᾶν).

761 3422 999 3488 Flavi
1044 3422 1260 3506 capilli
1280 3421 1656 3506 saepissime
1677 3429 2247 3490 commemorantur
2287 3424 2351 3489 in
2396 3425 2549 3492 Eur.
2592 3425 2867 3494 fabulis.

589 3529 879 3598 Infantes
901 3531 1259 3632 Medeaein
1296 3530 1463 3594 Med.
1506 3531 1630 3614 (vs.
1662 3531 1819 3595 1141
1870 3534 2118 3602 ξανθᾶν
2164 3532 2385 3617 κάρα),
2428 3534 2868 3605 infant.He1-0.

590 3639 661 3705 in
684 3641 869 3706 Herc.
900 3639 1019 3705 fur.
1065 3643 1186 3723 (vs.
1212 3638 1387 3723 993).
1428 3676 1513 3688 —
1558 3638 1766 3723 Iphig.
1814 3640 1878 3702 in
1900 3638 2252 3723 Iph.Taur.
2296 3647 2416 3725 (vs.
2445 3645 2579 3727 21),
2624 3647 2874 3713 Helena

735 3888 788 3957 1)
828 3887 906 3942 Cf.
945 3887 1123 3942 Schol.
1163 3887 1234 3942 ad
1272 3889 1325 3940 h.
1363 3888 1400 3941 l.

735 3978 792 4048 2)
829 3977 970 4031 Nam
998 3993 1104 4031 non
1130 3976 1285 4031 video
1312 3976 1579 4045 quomodo
1606 3976 1771 4031 aliter
1807 3977 2072 4045 explicari
2097 3979 2291 4048 possit,
2328 3979 2471 4049 quod
2490 3980 2689 4035 Pollux
2724 3983 2864 4056 hanc

591 4083 881 4137 personam
917 4068 1060 4121 inter
1095 4067 1194 4123 illa
1229 4070 1445 4121 ἔκσκεοα
1478 4066 1743 4136 πρόσωπα
1781 4075 2177 4123 commemorat

738 4158 794 4227 3)
831 4156 910 4211 Cf.
948 4156 1222 4226 Welcker,
1258 4157 1322 4212 A.
1360 4157 1427 4212 D.
1465 4156 1531 4226 V,
1570 4160 1639 4212 86
1683 4157 2493 4229 0.Jahn·Arch.ztg.1s54
2528 4177 2582 4229 p.
2621 4163 2863 4220 235.1n-

590 4251 816 4316 terpret.
856 4246 926 4301 ad
959 4246 1092 4301 Eur.
1130 4247 1251 4302 Hel.
1292 4250 1412 4302 367.
1448 4248 1579 4302 Hec.
1618 4250 1740 4302 837.
1776 4247 2054 4318 Wyttenb.
2098 4249 2167 4303 ad
2206 4251 2346 4306 Plat.
2386 4250 2586 4305 Phaed.
2625 4269 2677 4321 p.
2717 4255 2861 4325 235).

736 4338 793 4407 4)
834 4335 911 4389 Cf.
950 4337 1142 4391 Isidor.
1181 4338 1216 4390 l.
1257 4353 1304 4390 8.
1342 4338 1659 4407 (histriones
1697 4338 1990 4409 prodeunt)
2054 4338 2228 4394 ‘modo
2266 4340 2412 4395 tonsi
2448 4340 2607 4396 modo
2645 4342 2862 4399 criniti’.

735 4428 790 4497 5)
829 4425 907 4481 Cf
947 4427 1127 4497 Quint.
1166 4427 1299 4481 Inst.
1338 4444 1416 4481 or.
1455 4428 1550 4495 XI,
1588 4432 1638 4496 3,
1676 4431 1745 4483 79
1796 4429 2043 4483 ‘tristitia
2089 4429 2335 4485 deductis
2379 4431 2750 4504 (superciliis),
2786 4434 2862 4487 hi·

590 4519 784 4575 latitas
822 4518 1064 4574 remissis
1103 4516 1425 4574 ostenditur’
1428 4557 1442 4572 .
