3125 5000
1458 319 1883 384 -46-

546 495 653 560 via
691 502 884 577 atque
929 494 1175 558 ratione
1222 490 1557 574 recensuit,
1603 490 2078 556 Sommerbrodt
2124 491 2245 556 fuit
2289 490 2352 556 in
2398 489 2559 557 libro
2590 489 2690 554 De
2712 488 2833 554 Ae·

546 603 754 688 schyli
818 623 885 667 re
950 601 1250 667 scaenica
1329 599 1794 682 (1848-1850
1840 630 1920 653 =
1968 599 2325 684 Scaenica‚
2392 597 2612 663 Berlin
2662 597 2833 661 1876

544 732 606 796 p.
656 710 1015 775 183-205,
1061 709 1210 774 Rec.
1260 707 1604 772 Wieseler:
1651 706 1821 772 Gott.
1869 707 1993 790 gel.
2040 708 2306 789 Anzeig.
2343 707 2510 775 1852
2555 727 2616 790 p.
2663 705 2832 770 1879

546 835 719 899 seqq.
778 814 856 880 cf.
905 813 1166 896 Muller,
1231 811 1461 876 Philol.
1505 811 1733 876 XXIII
1778 833 1838 896 p.
1884 812 2079 877 522—
2101 810 2279 898 530).
2379 810 2705 879 Nonnulla
2751 808 2832 874 de

546 925 668 989 hac
714 944 782 988 re
823 923 953 987 iam
999 928 1193 985 antea
1239 920 1627 984 Wieselerus
1671 919 1938 986 inseruit
1980 920 2145 984 libro
2189 940 2337 985 suo:
2426 921 2564 985 Das
2608 919 2835 1003 Satyr-

543 1030 705 1116 spiel
751 1030 917 1095 nach
963 1028 1351 1111 Maassgabe
1395 1027 1572 1094 eines
1617 1028 2042 1093 Vasenbildes
2089 1028 2285 1113 (Gott.
2329 1027 2594 1094 Studien
2645 1027 2837 1093 1847.

544 1139 636 1204 IX
684 1159 745 1223 p.
794 1137 1158 1202 565-707.
1268 1135 1476 1219 Gon„
1547 1135 2022 1201 Vandenboeck
2094 1156 2153 1201 u.
2219 1135 2545 1220 Ruprecht
2612 1135 2831 1219 1847),

546 1247 790 1312 Maiore
835 1244 1068 1310 deinde
1113 1244 1484 1328 subtilitate,
1532 1265 1718 1326 quam
1766 1244 2260 1329 Sommerbrodt,
2306 1245 2614 1310 Wieseler
2659 1243 2830 1328 quod

541 1351 769 1416 Pollux
815 1349 1013 1415 tradit
1058 1348 1137 1414 de
1202 1353 1429 1414 ornatu
1493 1347 1870 1413 histrionum
1926 1348 2379 1432 interpretatus
2425 1354 2522 1414 est
2568 1355 2632 1413 et
2675 1368 2830 1415 exa·

544 1458 814 1524 minavit
859 1460 924 1522 in
992 1458 1522 1523 commentatione
1569 1455 1649 1522 de
1717 1456 2186 1522 difficilioribus
2256 1455 2640 1540 quibusdam
2684 1456 2830 1522 Pol·

541 1566 704 1632 lucis
748 1566 1140 1648 aliorumque
1202 1565 1578 1649 scriptorum
1649 1571 1931 1629 veterum
1991 1564 2183 1649 locis,
2250 1565 2358 1647 qui
2401 1562 2486 1628 ad
2532 1569 2827 1629 ornatum

544 1675 904 1742 scaenicum
949 1680 1244 1759 spectant
1289 1673 1456 1759 (Ind.
1500 1672 1692 1739 schol.
1737 1673 1804 1738 in
1849 1672 2050 1739 Acad.
2096 1673 2329 1758 Georg.
2356 1675 2520 1757 Aug.
2567 1695 2629 1759 p.
2671 1694 2721 1740 s.
2768 1673 2829 1738 h.

541 1784 695 1849 anni
744 1782 1029 1858 1869f70
1090 1782 1151 1847 h.
1213 1782 1579 1865 Gottingae.
1643 1782 1792 1846 Rec.
1837 1784 1909 1845 A.
1955 1781 2218 1846 Mullerz
2283 1780 2512 1847 Philol.
2556 1780 2827 1863 Anzeig.

547 1890 717 1954 1870
760 1911 821 1974 p.
869 1891 992 1955 109
1037 1909 1211 1972 seqq.
1254 1888 1334 1953 cf.
1395 1888 1770 1971 Philologus
1829 1888 2086 1952 XXXV
2131 1909 2192 1973 p.
2237 1888 2362 1953 351
2410 1907 2585 1972 seqq.
2652 1888 2826 1954 Gott.

545 2000 731 2065 1876.
777 1998 1282 2064 Sommerbrodt:
1349 1997 1562 2063 Ueber
1607 1996 1724 2061 das
1783 1996 2101 2076 σωμάτιον
2147 1996 2260 2062 der
2305 1996 2545 2080 griech.
2589 1996 2826 2062 Scbau-

541 2108 776 2191 spieler
841 2108 941 2186 (N.
1015 2105 1243 2170 Rhein.
1311 2105 1470 2169 Mus.
1522 2106 1691 2169 1870
1756 2126 1816 2189 p.
1864 2104 2208 2169 424-427
2259 2134 2340 2161 =
2388 2105 2701 2172 Scaenica
2766 2126 2829 2189 p.

541 2216 934 2299 273-ω277).
1025 2215 1156 2280 Nec
1220 2213 1429 2278 minus
1497 2213 1602 2278 hic
1668 2212 2227 2279 commemoranda
2291 2220 2467 2290 sunt,
2537 2232 2702 2296 quae
2745 2213 2825 2280 A.

540 2322 768 2388 Muller
836 2321 1090 2405 scripsit
1150 2321 1230 2385 de
1289 2321 1409 2385 hac
1456 2319 1801 2403 disciplina
1864 2320 1928 2385 in
1976 2320 2346 2404 Philologo:
2393 2321 2533 2386 Vol.
2580 2319 2828 2405 XXIII,

544 2453 602 2518 p.
648 2432 776 2496 522
821 2450 995 2514 seqq.
1069 2436 1133 2494 et
1207 2428 1343 2494 Vol.
1391 2428 1661 2513 XXXV,
1705 2450 1767 2515 p.
1800 2429 1922 2494 351
1975 2448 2165 2513 seqq„
2246 2429 2356 2493 ubi
2424 2449 2552 2495 non
2623 2430 2825 2496 solum

539 2541 777 2626 scripta
858 2541 1127 2606 aliorum
1212 2538 1536 2604 hominum
1623 2536 1949 2604 doctorum
2028 2539 2381 2622 recensuit,
2446 2538 2560 2605 sed
2634 2541 2827 2606 etiam

540 2650 738 2715 multa
783 2649 921 2734 ipse
966 2647 1233 2713 addidit.
1284 2685 1357 2693 --
1407 2649 1506 2711 De
1547 2647 1837 2731 personis
1881 2648 2195 2713 scaenicis
2241 2647 2606 2714 dissertatio
2652 2648 2828 2715 edita

539 2764 637 2824 est
680 2779 721 2822 a
767 2754 1138 2821 Bernhardo
1185 2755 1462 2819 Arnold:
1528 2756 1737 2822 Ueber
1780 2757 2005 2822 antike
2048 2756 2599 2823 Theatermasken
2648 2758 2824 2842 (Ver-

542 2865 875 2949 handlung
919 2864 1032 2928 der
1076 2863 1252 2928 XIX.
1281 2864 2121 2947 Philolog.·Versammlung
2173 2865 2403 2949 1875);
2450 2887 2616 2948 quae
2659 2867 2828 2932 inter

537 2991 758 3039 omnes
803 2971 883 3038 de
927 2973 1218 3057 personis
1261 2971 1473 3037 adhuc
1516 2973 1789 3057 scriptas
1838 2973 2110 3057 primum
2154 2972 2443 3038 ordinem
2489 2979 2679 3039 tenet.

711 3081 836 3159 Qui
882 3081 1237 3147 enumerati
1306 3091 1454 3147 sunt
1518 3080 1702 3166 libri,
1764 3082 2109 3147 maximam
2157 3089 2404 3166 partem
2449 3081 2536 3147 ad
2579 3083 2828 3149 litteras

538 3194 786 3254 tantum
836 3189 1203 3273 respiciunt.
1291 3189 1703 3255 Monumenta
1769 3197 1984 3256 autem
2048 3190 2246 3275 artis,
2315 3210 2481 3274 quae
2546 3190 2632 3255 ad
2691 3210 2826 3256 rem

536 3298 901 3364 scaenicam
960 3302 1291 3383 spectant,
1348 3297 1622 3386 primum
1692 3298 2029 3383 collegisse
2103 3304 2297 3381 atque
2365 3298 2645 3365 edidisse
2728 3307 2827 3364 est

535 3405 868 3471 Wieseleri
916 3406 1205 3471 meritum
1249 3407 1317 3470 in
1361 3406 1561 3471 libro:
1630 3407 2207 3491 Theatergebaude
2254 3407 2386 3472 und
2430 3408 2827 3473 Denkmaler

433 3539 438 3542 ·
536 3513 650 3579 des
694 3513 1219 3579 Bfihnenwesens
1265 3513 1370 3578 bei
1417 3512 1540 3579 den
1565 3513 1884 3580 Griechen
1930 3516 2060 3580 und
2082 3516 2392 3584 Romern„
2471 3515 2821 3598 Gottingen

541 3622 730 3688 1851.
820 3622 982 3687 Tum
1030 3621 1342 3688 editiones
1403 3623 1851 3689 nonnullorum
1912 3624 2069 3690 artis
2131 3630 2680 3690 monumentorum
2724 3644 2826 3690 se-

536 3732 912 3815 quebantur.
960 3768 1038 3780 —
1085 3731 1492 3797 Enumerabo
1542 3731 1643 3797 hic
1689 3738 1935 3797 tantum
1981 3751 2148 3815 quae
2193 3731 2280 3797 ad
2309 3732 2653 3798 histriones
2697 3738 2825 3797 tra-

538 3839 717 3923 gicos
763 3838 1128 3922 respiciunt.
1216 3839 1492 3903 Bursian
1539 3838 1742 3904 edidit
1785 3838 2154 3905 histrionem
2181 3839 2500 3922 quendam
2529 3839 2826 3922 (Anzeig.

537 3946 583 4013 f.
625 3945 1162 4012 Schweizerische
1227 3947 1454 4015 Gesch.
1527 3948 1657 4013 und
1721 3948 2337 4013 Alterthumskunde
2385 3949 2576 4013 1865.
2642 3968 2703 4013 n.
2766 3950 2824 4013 1.

536 4054 701 4121 Tab.
739 4054 819 4138 Ι),
863 4055 935 4120 Β.
966 4054 1213 4120 Arnold
1256 4075 1417 4139 opus
1447 4056 1767 4123 caelatum
1799 4075 1940 4121 cum
1972 4056 2197 4139 figuris
2219 4056 2567 4122 scaenicis:
2612 4056 2825 4123 Platte

535 4181 617 4227 m.
666 4161 1039 4227 scenischen
1084 4163 1578 4247 Vorstellungen
1636 4164 1722 4228 im
1782 4164 2073 4247 Collegio
2114 4164 2403 4232 Romano
2449 4165 2826 4248 (Festgruss

536 4268 651 4335 der
694 4268 1002 4353 philolog.
1027 4269 1378 4337 Gesellsch.
1423 4292 1476 4335 z.
1514 4270 1876 4354 Wfirzburg
1920 4290 2006 4335 an
2051 4269 2158 4335 die
2183 4271 2422 4336 XXVI.
2448 4270 2826 4337 Versamml.

537 4375 818 4442 deutsch.
876 4376 1106 4442 Philol.
1165 4399 1223 4443 u.
1287 4378 1773 4445 Schulmalnner.
1877 4376 2238 4460 Wtirzburg
2288 4378 2455 4443 1868
2501 4398 2563 4462 p.
2611 4378 2818 4442 142-

540 4484 710 4567 157).
800 4482 1119 4566 Imprimis
1163 4482 1718 4549 commemoranda
1764 4490 1861 4548 est
1908 4483 2104 4550 editio
2148 4503 2563 4570 personarum
2609 4505 2652 4550 a
2698 4484 2823 4549 Ro-
