3125 5000
1531 327 1962 390 ..18-

612 490 853 556 toribus
898 491 1200 557 Romanis
1249 501 1851 580 commemorantur,
1917 498 2030 563 sed
2086 497 2165 563 de
2223 519 2338 565 usu
2383 500 2449 564 in
2494 521 2726 567 scaena
2771 505 2894 571 Ro-

615 619 808 665 mana
853 621 1174 684 nunquam
1217 621 1424 668 sermo
1470 603 1631 686 fit1).
1717 607 1987 673 Romani
2051 629 2202 674 vero
2247 609 2369 694 ipsi
2417 630 2599 676 usum
2646 612 2900 679 cothur-

611 728 834 773 norum
905 709 991 774 ad
1056 710 1441 776 Graecorum
1519 712 1954 779 inventionem
2033 715 2426 782 reducebant
2446 716 2515 804 ²).
2602 719 2743 799 Qua
2815 721 2901 786 de

570 859 578 867 -
613 836 809 883 causa
851 819 906 883 si
952 819 1059 902 qui
1104 819 1444 885 histriones
1468 822 1896 888 Romanorum
1930 825 2256 892 cothurnis
2301 827 2401 892 usi
2445 834 2610 911 sunt,
2655 829 2900 894 debue-

613 931 759 991 runt
803 946 945 992 esse
991 928 1036 992 ii
1101 929 1211 1013 qui
1269 928 1525 995 fabulas
1589 929 1956 1015 crepidatas
2013 953 2190 999 more
2257 934 2646 1000 Graecorum
2713 937 2903 1002 insti-

611 1040 782 1100 tutas
797 1034 846 1119 ³)
892 1038 1192 1120 agebant.
1280 1038 1409 1104 Sed
1454 1037 1521 1102 in
1568 1037 1803 1104 fabulis
1837 1039 1975 1106 istis
2021 1039 2361 1108 histriones
2386 1064 2514 1108 non
2543 1044 2896 1131 cothurnis,

611 1142 725 1208 sed
779 1144 1050 1229 crepidis
1121 1144 1327 1210 induti
1401 1146 1676 1229 erant4).
1763 1148 2125 1214 Secundum
2167 1150 2590 1217 Ribbeckium
2635 1156 2896 1237 quidem

612 1252 910 1337 crepidae
954 1253 1212 1320 fuerunt
1230 1255 1688 1340 calceamenta,
1734 1275 1900 1339 quae
1944 1257 2030 1321 ad
2054 1259 2393 1325 cothurnos
2417 1260 2897 1344 respondebant

612 1360 767 1451 (ein
810 1361 1097 1426 ziemlich
1149 1362 1443 1444 plumper
1497 1361 1838 1428 Untersatz
1913 1365 1973 1429 d.
2036 1366 2278 1433 Schuhs
2338 1388 2457 1433 von
2516 1369 2685 1433 Holz
2745 1371 2897 1435 oder

610 1469 845 1535 Leder'.
932 1472 1111 1536 Rom.
1154 1473 1350 1555 Trag.
1396 1493 1457 1557 p.
1501 1471 1691 1556 662),
1758 1472 1871 1538 sed
1944 1474 2043 1539 his
2110 1494 2190 1540 ex
2250 1476 2461 1541 verbis
2535 1498 2661 1542 non
2731 1478 2892 1544 satis

612 1579 850 1665 elucet,
891 1579 1205 1663 quomodo
1250 1581 1539 1647 cothurni
1586 1587 1649 1646 et
1693 1581 1991 1667 crepidae
2054 1583 2219 1649 inter
2278 1605 2347 1650 se
2410 1584 2703 1651 diversae
2761 1586 2896 1652 fue-

608 1688 754 1756 rint.
857 1688 1174 1775 Grepidae
1234 1689 1491 1756 fuerunt
1557 1692 1995 1757 calceamenta
2061 1713 2201 1758 cum
2279 1694 2611 1759 altioribus
2700 1695 2896 1761 soleis

610 1796 934 1885 (Bekker,
979 1798 1220 1866 Anecd.
1266 1821 1327 1885 p.
1372 1801 1520 1879 237,
1572 1802 1674 1866 19.
1734 1800 2174 1886 κρηπίς·εἶδος
2229 1800 2630 1886 ὑποδήματος
2673 1802 2891 1886 α’νδρι-

609 1907 726 1970 κοῦ
764 1904 985 1991 ὑψηλοὶ
1020 1909 1267 1988 ἔχοντος
1310 1910 1384 1971 τοὶ
1445 1907 1878 1995 καττύματα),
1943 1910 2059 1976 sed
2101 1910 2359 1977 fuerunt
2413 1950 2481 1961 —
2533 1919 2601 1978 ut
2644 1934 2724 1979 ex
2768 1914 2890 1980 hoc

607 2015 743 2082 loco
788 2015 920 2081 iam
961 2017 1167 2083 elucet
1212 2056 1297 2066 —
1341 2019 1538 2085 calcei
1587 2017 1951 2085 cotidianae
1996 2020 2202 2105 vitae,
2260 2021 2377 2087 sed
2421 2042 2744 2106 nunquam
2789 2045 2892 2090 co-

610 2124 844 2191 thurni.
935 2126 1200 2193 Accedit
1243 2127 1412 2212 quod
1457 2127 1619 2194 Ister
1664 2136 1879 2195 narrat
1900 2127 1996 2214 5),
2059 2129 2206 2195 cho
2230 2150 2397 2195 rum
2443 2131 2737 2216 crepidas
2783 2153 2894 2217 ge·

609 2239 832 2300 stasse.
922 2235 1043 2300 Hic
1088 2242 1299 2302 autem
1368 2244 1632 2323 propter
1696 2237 2073 2305 saltationes
2120 2239 2385 2324 tragicis
2431 2241 2755 2307 cothurnis
2802 2243 2891 2307 uti

609 2363 736 2409 non
781 2343 985 2428 potuit
1003 2342 1074 2429 ⁶).

786 2453 1142 2523 Secundum
1204 2475 1282 2521 ea
1348 2475 1513 2540 quae
1575 2453 1787 2521 adhuc
1857 2456 2296 2522 constituimus
2356 2442 2566 2524 nullus
2625 2459 2893 2545 scriptor

616 2558 682 2624 in
727 2580 964 2627 scaena
1032 2564 1323 2628 Romana
1389 2563 1730 2629 cothurnos
1791 2571 2127 2650 usurpatos
2182 2584 2322 2631 esse
2365 2564 2578 2631 tradit.
2671 2567 2893 2652 Itaque

608 2670 763 2736 mihi
830 2671 1174 2737 verisimile
1247 2694 1374 2738 non
1456 2674 1746 2758 videtur,
1807 2672 2145 2739 histriones
2211 2674 2534 2741 Romanos
2597 2676 2676 2742 iis
2744 2698 2890 2744 usos

615 2798 772 2845 esse.
859 2781 1104 2847 Tamen
1146 2780 1198 2845 si
1266 2782 1409 2866 quis
1475 2782 1725 2848 dubitet
1798 2802 1927 2847 non
2003 2780 2210 2847 habeo
2268 2781 2439 2865 quod
2483 2803 2799 2870 opponam
2820 2784 2891 2871 ⁷).

761 3002 815 3071 1)
853 3001 994 3055 Plin.
1033 3001 1102 3055 N.
1140 3002 1211 3057 H.
1248 3000 1526 3068 XXXVII,
1579 3017 1622 3055 c.
1665 3004 1747 3055 11.
1821 3001 1957 3055 Hor.
2011 3002 2105 3055 lib.
2143 3002 2187 3056 I.
2224 3002 2337 3056 Sat.
2374 3003 2438 3057 V.
2479 3003 2662 3058 Sidon.
2708 3003 2888 3072 Apoll.

612 3090 705 3145 lib.
743 3090 889 3158 VIII,
929 3105 1013 3158 ep.
1051 3090 1143 3144 VI.
1183 3091 1448 3159 Apuleius
1487 3091 1581 3144 lib.
1618 3091 1715 3143 HI.
1751 3090 1901 3144 Flor.
1934 3090 2075 3144 Plin.
2107 3090 2223 3160 jun.
2248 3092 2342 3146 lib.
2369 3092 2463 3160 IX,
2503 3108 2585 3160 ep.
2622 3092 2727 3147 VH
2763 3100 2887 3148 cett.

751 3181 809 3251 2)
845 3179 979 3235 Hor.
1018 3181 1128 3234 Ars
1162 3187 1309 3247 poet.
1348 3182 1470 3233 278.
1512 3178 1662 3233 Serv.
1702 3179 1771 3233 ad
1807 3178 1970 3247 Verg.
2003 3179 2169 3249 VIII„
2204 3180 2321 3236 Ecl.
2365 3185 2463 3249 10.,
2502 3181 2569 3237 cf.
2609 3198 2793 3251 supra.

753 3271 810 3339 3)
850 3268 1036 3323 Donat
1092 3267 1163 3322 ad
1220 3267 1346 3323 Ter.
1392 3267 1627 3336 Adelph.
1667 3268 1812 3323 Prol.
1852 3271 1901 3322 7.
1940 3267 2119 3322 Varro
2169 3284 2256 3337 ap.
2307 3268 2553 3326 Diomed.
2602 3272 2634 3324 3
2671 3286 2727 3339 p.
2763 3273 2886 3325 487.

607 3358 743 3429 Lyd.
783 3358 848 3412 de
886 3373 1061 3427 magg.
1098 3358 1139 3426 I,
1178 3360 1264 3411 40.

752 3448 808 3519 4)
844 3448 1043 3525 Donat.
1099 3447 1169 3502 ad
1206 3448 1330 3501 Ter.
1386 3446 1620 3515 Adelph.
1675 3447 1813 3515 prol.
1851 3449 1884 3500 7
1923 3446 2256 3515 ‘crepidatae
2311 3446 2532 3502 fabulae
2582 3448 2640 3503 in
2690 3450 2879 3518 quibus

616 3544 829 3592 actores
868 3553 988 3590 cum
1025 3535 1261 3605 crepidis
1299 3534 1621 3604 prodibant:
1664 3551 1802 3603 quae
1839 3542 1893 3589 et
1932 3536 2228 3603 palliatae’.

752 3627 810 3698 5)
847 3626 977 3680 Vita
1015 3626 1329 3697 Sophoclis:
1384 3625 1514 3694 φησὶ
1549 3624 1607 3678 δὲ
1643 3626 1735 3678 καὶ
1776 3624 2000 3694 Ἴστρος,
2052 3624 2147 3686 τὰς
2192 3625 2384 3686 λευκὰς
2419 3629 2685 3698 κρηπῖδας
2724 3628 2879 3682 αὐτὸν

614 3722 980 3792 ἐφευρηκὲναι,
1017 3716 1083 3781 ἃς
1116 3719 1429 3773 §uod-{ouran
1466 3720 1525 3772 οῖ’
1553 3737 1603 3772 τε
1641 3718 1918 3788 ὑποκριταὶ
1953 3718 2046 3771 καὶ
2083 3720 2135 3770 οἱ
2161 3723 2434 3789 χορευταί.

750 3809 808 3877 6)
846 3811 1034 3878 κρηπίς
1068 3808 1172 3862 fuit
1209 3812 1390 3861 κοῖλον
1448 3807 1719 3880 ὑπόδημα,
1776 3807 1842 3861 cf.
1882 3808 2248 3876 Theophrast.
2288 3809 2448 3863 Char.
2477 3813 2527 3876 2,
2565 3808 2657 3862 ubi
2692 3810 2885 3870 κόλαξε

610 3899 702 3951 καὶ
738 3900 1144 3970 συνωνούμενος
1183 3898 1315 3968 [ἐπὶ]
1354 3899 1616 3968 κρηπῖδας
1668 3894 1760 3950 τὸν
1798 3896 1943 3950 πόδα
1981 3897 2148 3966 φῆσαι
2184 3898 2325 3950 εἶναι
2371 3896 2763 3967 εὐρυθμότερον
2793 3902 2885 3950 τοῦ

611 3987 964 4059 ὕποδῆματος.
1048 3987 1235 4041 Etiam
1285 4003 1422 4055 opus
1471 3988 1762 4055 pistorium
1800 4005 1990 4040 cavum
2045 3989 2237 4055 κρηπίς
2288 3987 2602 4042 vocabatur.
2688 3986 2883 4042 Athen.

609 4078 755 4145 XIV,
793 4094 846 4146 p.
876 4080 997 4132 615.
1037 4077 1176 4131 Poll.
1213 4076 1307 4145 VI,
1346 4080 1430 4131 77.
1493 4076 1729 4145 Hesych.
1769 4093 1811 4131 s.
1850 4094 1897 4129 v.
1936 4079 2142 4144 κρηπίς.
2180 4075 2247 4129 cf.
2284 4075 2592 4142 Hermann,
2629 4074 2887 4129 Priv.-Al·

608 4167 774 4222 terth.
814 4167 835 4199 ⁸
874 4183 927 4235 p.
971 4169 1088 4221 182.
1127 4167 1363 4233 Becker,
1403 4165 1564 4219 Char.
1602 4165 1708 4218 111⁸
1742 4181 1796 4233 p.
1836 4168 1958 4219 276.

754 4256 809 4326 7)
848 4256 1021 4324 Quam
1075 4255 1305 4324 figuram
1362 4254 1420 4308 in
1472 4270 1638 4324 opere
1694 4254 1906 4308 caelato
1945 4254 2138 4325 (Wies.
2176 4253 2243 4308 D.
2283 4252 2332 4307 d.
2369 4252 2432 4306 Β.
2468 4251 2618 4320 ΧΙΠ,
2661 4252 2714 4322 1)
2765 4269 2883 4309 con-

613 4347 871 4416 spicimus
911 4362 1031 4400 cum
1068 4346 1376 4413 cothurnis,
1414 4345 1553 4399 nihil
1590 4344 1947 4413 demonstrat,
1986 4344 2114 4413 quia
2151 4360 2270 4398 cum
2297 4358 2458 4410 quam
2482 4357 2648 4410 saepe
2670 4342 2885 4397 histrio-

610 4452 705 4492 nes
762 4436 959 4491 Graeci
1010 4435 1155 4505 apud
1201 4436 1478 4491 Romanos
1537 4433 1754 4489 fabulas
1810 4433 2046 4502 egerint,
2102 4433 2248 4488 inter
2297 4448 2481 4489 omnes
2533 4438 2745 4487 constet
2796 4429 2880 4501 (cf.

607 4542 660 4594 p.
701 4527 810 4596 21),
848 4526 998 4580 illam
1034 4525 1356 4595 tragoedum
1396 4539 1516 4580 esse
1552 4522 1822 4578 Graecum
1858 4537 2068 4577 censeo.
